<?xml version="1.0" encoding="UTF-8"?>
<!DOCTYPE html PUBLIC "-//W3C//DTD XHTML 1.0 Transitional//EN"
    "http://www.w3.org/TR/xhtml1/DTD/xhtml1-transitional.dtd">
<html xmlns="http://www.w3.org/1999/xhtml" xml:lang="en" lang="en">
 <head>
  <title>
</title>
<meta http-equiv="Content-Type" content="text/html;charset=utf-8" />
  <meta name='ocr-system' content='tesseract 3.04.00' />
  <meta name='ocr-capabilities' content='ocr_page ocr_carea ocr_par ocr_line ocrx_word'/>
</head>
<body>
  <div class='ocr_page' id='page_1' title='image "./corpusscriptorum30niebuoft_0082.png"; bbox 0 0 1794 3120; ppageno 0'>
   <div class='ocr_carea' id='block_1_1' title="bbox 243 0 1794 199">
    <p class='ocr_par' dir='ltr' id='par_1_1' title="bbox 243 0 1794 199">
     <span class='ocr_line' id='line_1_1' title="bbox 1755 0 1763 23; baseline 0 0"><span class='ocrx_word' id='word_1_1' title='bbox 1755 0 1763 23; x_wconf 75' lang='grc' dir='ltr'><strong><em>ι</em></strong></span> 
     </span>
     <span class='ocr_line' id='line_1_2' title="bbox 243 0 1794 199; baseline -0.001 -44"><span class='ocrx_word' id='word_1_2' title='bbox 243 111 309 155; x_wconf 78' lang='lat'>-72</span> <span class='ocrx_word' id='word_1_3' title='bbox 718 110 941 154; x_wconf 86' lang='lat' dir='ltr'><strong>IOANNIS</strong></span> <span class='ocrx_word' id='word_1_4' title='bbox 970 111 1228 155; x_wconf 82' lang='lat' dir='ltr'>ZONARAE</span> <span class='ocrx_word' id='word_1_5' title='bbox 1768 0 1794 199; x_wconf 41' lang='grc' dir='ltr'>ἦ</span> 
     </span>
    </p>
   </div>
   <div class='ocr_carea' id='block_1_2' title="bbox 79 210 1794 282">
    <p class='ocr_par' dir='ltr' id='par_1_2' title="bbox 79 210 1794 282">
     <span class='ocr_line' id='line_1_3' title="bbox 79 210 1794 282; baseline 0.003 -21"><span class='ocrx_word' id='word_1_6' title='bbox 79 227 106 260; x_wconf 89' lang='grc' dir='ltr'>Ρ</span> <span class='ocrx_word' id='word_1_7' title='bbox 123 226 226 263; x_wconf 80' lang='grc'><strong>1350</strong></span> <span class='ocrx_word' id='word_1_8' title='bbox 249 229 339 281; x_wconf 84' lang='grc' dir='ltr'><strong><em>ραῖς</em></strong></span> <span class='ocrx_word' id='word_1_9' title='bbox 364 223 430 263; x_wconf 84' lang='grc' dir='ltr'>καὶ</span> <span class='ocrx_word' id='word_1_10' title='bbox 459 227 541 273; x_wconf 77' lang='grc' dir='ltr'><strong><em>τοῖς</em></strong></span> <span class='ocrx_word' id='word_1_11' title='bbox 573 220 710 274; x_wconf 77' lang='grc' dir='ltr'><strong><em>ἄλλοις</em></strong></span> <span class='ocrx_word' id='word_1_12' title='bbox 746 222 1035 282; x_wconf 76' lang='grc' dir='ltr'><strong><em>συνήθροιζον,</em></strong></span> <span class='ocrx_word' id='word_1_13' title='bbox 1076 224 1142 265; x_wconf 86' lang='grc' dir='ltr'>καὶ</span> <span class='ocrx_word' id='word_1_14' title='bbox 1171 227 1227 281; x_wconf 79' lang='grc' dir='ltr'>τῷ</span> <span class='ocrx_word' id='word_1_15' title='bbox 1251 226 1329 266; x_wconf 81' lang='grc' dir='ltr'>τῶν</span> <span class='ocrx_word' id='word_1_16' title='bbox 1350 219 1538 276; x_wconf 75' lang='grc' dir='ltr'><strong><em>μειζόνων</em></strong></span> <span class='ocrx_word' id='word_1_17' title='bbox 1562 222 1697 280; x_wconf 74' lang='grc' dir='ltr'><strong><em>ἀρχῶν</em></strong></span> <span class='ocrx_word' id='word_1_18' title='bbox 1775 210 1794 255; x_wconf 46' lang='lat'>‘3³³</span> 
     </span>
    </p>
   </div>
   <div class='ocr_carea' id='block_1_3' title="bbox 186 288 1794 1705">
    <p class='ocr_par' dir='ltr' id='par_1_3' title="bbox 240 288 1794 823">
     <span class='ocr_line' id='line_1_4' title="bbox 243 288 1780 350; baseline 0.001 -17"><span class='ocrx_word' id='word_1_19' title='bbox 243 290 381 347; x_wconf 81' lang='grc' dir='ltr'><strong><em>κόσμῳ</em></strong></span> <span class='ocrx_word' id='word_1_20' title='bbox 405 289 507 344; x_wconf 84' lang='grc' dir='ltr'><strong><em>πλὴν</em></strong></span> <span class='ocrx_word' id='word_1_21' title='bbox 527 289 764 348; x_wconf 78' lang='grc' dir='ltr'><strong><em>ῥαβδούχων</em></strong></span> <span class='ocrx_word' id='word_1_22' title='bbox 786 294 971 349; x_wconf 76' lang='grc' dir='ltr'><strong><em>ἐχρῶντο.</em></strong></span> <span class='ocrx_word' id='word_1_23' title='bbox 1039 288 1203 346; x_wconf 80' lang='grc' dir='ltr'><strong><em>τοιαύτη</em></strong></span> <span class='ocrx_word' id='word_1_24' title='bbox 1226 289 1251 345; x_wconf 78' lang='grc' dir='ltr'>ἡ</span> <span class='ocrx_word' id='word_1_25' title='bbox 1276 294 1355 333; x_wconf 83' lang='grc' dir='ltr'>τῶν</span> <span class='ocrx_word' id='word_1_26' title='bbox 1375 295 1551 346; x_wconf 77' lang='grc' dir='ltr'><strong><em>τιμητῶν</em></strong></span> <span class='ocrx_word' id='word_1_27' title='bbox 1565 289 1697 349; x_wconf 81' lang='grc' dir='ltr'><strong><em>ὗπῆρ-</em></strong></span> <span class='ocrx_word' id='word_1_28' title='bbox 1777 343 1780 350; x_wconf 27' lang='lat'><strong><em>¹</em></strong></span> 
     </span>
     <span class='ocr_line' id='line_1_5' title="bbox 240 355 1794 416; baseline 0.002 -17"><span class='ocrx_word' id='word_1_29' title='bbox 240 375 310 412; x_wconf 87' lang='grc' dir='ltr'>χεν</span> <span class='ocrx_word' id='word_1_30' title='bbox 339 355 456 414; x_wconf 89' lang='grc' dir='ltr'><strong><em>ἀρχή.</em></strong></span> <span class='ocrx_word' id='word_1_31' title='bbox 525 363 604 401; x_wconf 82' lang='grc' dir='ltr'>τῶν</span> <span class='ocrx_word' id='word_1_32' title='bbox 639 360 773 413; x_wconf 87' lang='grc' dir='ltr'><strong><em>μέντοι</em></strong></span> <span class='ocrx_word' id='word_1_33' title='bbox 804 359 862 415; x_wconf 85' lang='grc' dir='ltr'><strong><em>μὴ</em></strong></span> <span class='ocrx_word' id='word_1_34' title='bbox 896 359 1247 416; x_wconf 78' lang='grc' dir='ltr'><strong><em>ἀπογραψαμένων</em></strong></span> <span class='ocrx_word' id='word_1_35' title='bbox 1278 357 1351 408; x_wconf 80' lang='grc' dir='ltr'>τὰς</span> <span class='ocrx_word' id='word_1_36' title='bbox 1381 358 1519 410; x_wconf 82' lang='grc' dir='ltr'><strong><em>οὖσίας</em></strong></span> <span class='ocrx_word' id='word_1_37' title='bbox 1539 360 1581 402; x_wconf 74' lang='grc' dir='ltr'>ἐν</span> <span class='ocrx_word' id='word_1_38' title='bbox 1607 365 1696 410; x_wconf 78' lang='grc' dir='ltr'><strong><em>ταῖς</em></strong></span> <span class='ocrx_word' id='word_1_39' title='bbox 1778 388 1794 410; x_wconf 69' lang='grc'>.</span> 
     </span>
     <span class='ocr_line' id='line_1_6' title="bbox 246 424 1794 483; baseline 0.002 -16"><span class='ocrx_word' id='word_1_40' title='bbox 246 426 501 483; x_wconf 77' lang='grc' dir='ltr'><strong><em>ἀπογραφαῖς</em></strong></span> <span class='ocrx_word' id='word_1_41' title='bbox 523 428 587 469; x_wconf 85' lang='grc' dir='ltr'>καὶ</span> <span class='ocrx_word' id='word_1_42' title='bbox 612 424 778 478; x_wconf 72' lang='grc' dir='ltr'><strong><em>ἑαυτούς</em></strong></span> <span class='ocrx_word' id='word_1_43' title='bbox 787 459 800 479; x_wconf 87' lang='grc'>,</span> <span class='ocrx_word' id='word_1_44' title='bbox 843 427 916 478; x_wconf 81' lang='grc' dir='ltr'>τὰς</span> <span class='ocrx_word' id='word_1_45' title='bbox 937 429 1009 482; x_wconf 76' lang='grc' dir='ltr'>μὲν</span> <span class='ocrx_word' id='word_1_46' title='bbox 1033 426 1170 476; x_wconf 76' lang='grc' dir='ltr'><strong><em>οὐσίας</em></strong></span> <span class='ocrx_word' id='word_1_47' title='bbox 1195 427 1232 468; x_wconf 85' lang='grc' dir='ltr'><strong><em>οἱ</em></strong></span> <span class='ocrx_word' id='word_1_48' title='bbox 1254 427 1437 481; x_wconf 81' lang='grc' dir='ltr'><strong><em>τιμηταί,</em></strong></span> <span class='ocrx_word' id='word_1_49' title='bbox 1481 425 1628 478; x_wconf 75' lang='grc' dir='ltr'><strong><em>αὖτοὺς</em></strong></span> <span class='ocrx_word' id='word_1_50' title='bbox 1649 426 1692 469; x_wconf 71' lang='grc' dir='ltr'>δ’</span> <span class='ocrx_word' id='word_1_51' title='bbox 1788 426 1794 433; x_wconf 64' lang='grc'>’</span> 
     </span>
     <span class='ocr_line' id='line_1_7' title="bbox 243 488 1794 553; baseline 0.003 -18"><span class='ocrx_word' id='word_1_52' title='bbox 243 494 412 544; x_wconf 76' lang='grc' dir='ltr'><strong><em>ἐκείνους</em></strong></span> <span class='ocrx_word' id='word_1_53' title='bbox 434 494 471 536; x_wconf 77' lang='grc' dir='ltr'><strong><em>οἱ</em></strong></span> <span class='ocrx_word' id='word_1_54' title='bbox 494 494 639 537; x_wconf 69' lang='grc' dir='ltr'><strong><em>ὕπατοι</em></strong></span> <span class='ocrx_word' id='word_1_55' title='bbox 663 496 918 552; x_wconf 72' lang='grc' dir='ltr'><strong><em>ἐπίπρασκον.</em></strong></span> <span class='ocrx_word' id='word_1_56' title='bbox 981 493 1115 553; x_wconf 81' lang='grc' dir='ltr'><strong><em>χρόνῳ</em></strong></span> <span class='ocrx_word' id='word_1_57' title='bbox 1138 488 1303 549; x_wconf 74' lang='grc' dir='ltr'><strong><em>μὲνοῦν</em></strong></span> <span class='ocrx_word' id='word_1_58' title='bbox 1319 510 1394 536; x_wconf 89' lang='grc' dir='ltr'><strong><em>τινι</em></strong></span> <span class='ocrx_word' id='word_1_59' title='bbox 1411 493 1541 536; x_wconf 72' lang='grc' dir='ltr'>ταῦθ’</span> <span class='ocrx_word' id='word_1_60' title='bbox 1567 493 1729 545; x_wconf 68' lang='grc' dir='ltr'><strong><em>οὕτωςῦ</em></strong></span> <span class='ocrx_word' id='word_1_61' title='bbox 1786 488 1794 509; x_wconf 46' lang='lat'>&#39;⁵</span> 
     </span>
     <span class='ocr_line' id='line_1_8' title="bbox 244 560 1695 619; baseline 0.001 -16"><span class='ocrx_word' id='word_1_62' title='bbox 244 560 454 619; x_wconf 75' lang='grc' dir='ltr'><strong><em>ἐπράχθη,</em></strong></span> <span class='ocrx_word' id='word_1_63' title='bbox 487 561 653 619; x_wconf 75' lang='grc' dir='ltr'><strong><em>ὕστερον</em></strong></span> <span class='ocrx_word' id='word_1_64' title='bbox 677 563 721 605; x_wconf 75' lang='grc' dir='ltr'>δὲ</span> <span class='ocrx_word' id='word_1_65' title='bbox 742 564 812 606; x_wconf 89' lang='grc' dir='ltr'>τὸν</span> <span class='ocrx_word' id='word_1_66' title='bbox 837 563 945 612; x_wconf 79' lang='grc' dir='ltr'><strong><em>ἅπαξ</em></strong></span> <span class='ocrx_word' id='word_1_67' title='bbox 969 568 1018 619; x_wconf 79' lang='grc' dir='ltr'>τῇ</span> <span class='ocrx_word' id='word_1_68' title='bbox 1040 566 1169 619; x_wconf 87' lang='grc' dir='ltr'><strong><em>βουλῇ</em></strong></span> <span class='ocrx_word' id='word_1_69' title='bbox 1193 562 1489 616; x_wconf 74' lang='grc' dir='ltr'><strong><em>καταλεχθέντα</em></strong></span> <span class='ocrx_word' id='word_1_70' title='bbox 1513 561 1582 604; x_wconf 72' lang='grc' dir='ltr'><strong><em>διὰ</em></strong></span> <span class='ocrx_word' id='word_1_71' title='bbox 1603 563 1695 616; x_wconf 81' lang='grc' dir='ltr'><strong><em>βίον</em></strong></span> 
     </span>
     <span class='ocr_line' id='line_1_9' title="bbox 242 626 1697 686; baseline 0 -15"><span class='ocrx_word' id='word_1_72' title='bbox 242 627 446 683; x_wconf 74' lang='grc' dir='ltr'><strong><em>βουλεύειν</em></strong></span> <span class='ocrx_word' id='word_1_73' title='bbox 479 629 610 684; x_wconf 67' lang='grc' dir='ltr'><strong><em>ἔδοξε,</em></strong></span> <span class='ocrx_word' id='word_1_74' title='bbox 654 631 757 685; x_wconf 71' lang='grc' dir='ltr'><strong><em>μηδ’</em></strong></span> <span class='ocrx_word' id='word_1_75' title='bbox 794 631 1111 686; x_wconf 73' lang='grc' dir='ltr'><strong><em>ἀπαλείφεσθαι,</em></strong></span> <span class='ocrx_word' id='word_1_76' title='bbox 1155 632 1189 672; x_wconf 79' lang='grc' dir='ltr'>εἰ</span> <span class='ocrx_word' id='word_1_77' title='bbox 1221 628 1277 684; x_wconf 90' lang='grc' dir='ltr'><strong><em>μή</em></strong></span> <span class='ocrx_word' id='word_1_78' title='bbox 1310 647 1371 680; x_wconf 91' lang='grc' dir='ltr'>τις</span> <span class='ocrx_word' id='word_1_79' title='bbox 1401 626 1597 684; x_wconf 83' lang='grc' dir='ltr'><strong><em>ἀδικήσας</em></strong></span> <span class='ocrx_word' id='word_1_80' title='bbox 1627 632 1697 673; x_wconf 80' lang='grc' dir='ltr'>καὶ</span> 
     </span>
     <span class='ocr_line' id='line_1_10' title="bbox 242 694 1696 755; baseline 0 -15"><span class='ocrx_word' id='word_1_81' title='bbox 242 699 398 754; x_wconf 70' lang='grc' dir='ltr'><strong><em>κριθεὶς</em></strong></span> <span class='ocrx_word' id='word_1_82' title='bbox 419 697 593 752; x_wconf 79' lang='grc' dir='ltr'><strong><em>ἠτίμωτο</em></strong></span> <span class='ocrx_word' id='word_1_83' title='bbox 611 697 637 753; x_wconf 78' lang='grc' dir='ltr'>ἢ</span> <span class='ocrx_word' id='word_1_84' title='bbox 662 702 794 748; x_wconf 81' lang='grc' dir='ltr'><strong><em>κακῶς</em></strong></span> <span class='ocrx_word' id='word_1_85' title='bbox 817 700 892 750; x_wconf 81' lang='grc' dir='ltr'>ζῶν</span> <span class='ocrx_word' id='word_1_86' title='bbox 914 697 1118 754; x_wconf 71' lang='grc' dir='ltr'><strong><em>ἠλέγχθη·</em></strong></span> <span class='ocrx_word' id='word_1_87' title='bbox 1142 697 1236 747; x_wconf 76' lang='grc' dir='ltr'><strong><em>τοὺς</em></strong></span> <span class='ocrx_word' id='word_1_88' title='bbox 1258 697 1335 755; x_wconf 81' lang='grc' dir='ltr'>γὰρ</span> <span class='ocrx_word' id='word_1_89' title='bbox 1364 694 1569 748; x_wconf 77' lang='grc' dir='ltr'><strong><em>τοιούτους</em></strong></span> <span class='ocrx_word' id='word_1_90' title='bbox 1590 695 1696 752; x_wconf 84' lang='grc' dir='ltr'><strong><em>ἀπή-</em></strong></span> 
     </span>
     <span class='ocr_line' id='line_1_11' title="bbox 243 765 1173 823; baseline 0.001 -17"><span class='ocrx_word' id='word_1_91' title='bbox 243 769 381 821; x_wconf 79' lang='grc' dir='ltr'><strong><em>λειφον</em></strong></span> <span class='ocrx_word' id='word_1_92' title='bbox 404 768 470 807; x_wconf 82' lang='grc' dir='ltr'>καὶ</span> <span class='ocrx_word' id='word_1_93' title='bbox 495 767 584 808; x_wconf 77' lang='grc' dir='ltr'><strong><em>ἀντ’</em></strong></span> <span class='ocrx_word' id='word_1_94' title='bbox 612 766 743 808; x_wconf 76' lang='grc' dir='ltr'><strong><em>αὐτῶν</em></strong></span> <span class='ocrx_word' id='word_1_95' title='bbox 766 765 922 823; x_wconf 73' lang='grc' dir='ltr'><strong><em>ἑτέρους</em></strong></span> <span class='ocrx_word' id='word_1_96' title='bbox 945 766 1173 823; x_wconf 70' lang='grc' dir='ltr'><strong><em>ἐνέγραφον.</em></strong></span> 
     </span>
    </p>

    <p class='ocr_par' dir='ltr' id='par_1_4' title="bbox 191 832 1749 1431">
     <span class='ocr_line' id='line_1_12' title="bbox 191 832 1749 890; baseline 0.003 -18"><span class='ocrx_word' id='word_1_97' title='bbox 191 837 220 872; x_wconf 87' lang='grc' dir='ltr'>Β</span> <span class='ocrx_word' id='word_1_98' title='bbox 382 837 475 875; x_wconf 83' lang='grc' dir='ltr'>Τῶν</span> <span class='ocrx_word' id='word_1_99' title='bbox 507 835 551 875; x_wconf 80' lang='grc' dir='ltr'>δὲ</span> <span class='ocrx_word' id='word_1_100' title='bbox 585 835 838 890; x_wconf 87' lang='grc' dir='ltr'><strong><em>προσκαίρως</em></strong></span> <span class='ocrx_word' id='word_1_101' title='bbox 873 832 1075 890; x_wconf 83' lang='grc' dir='ltr'><strong><em>ἀρχόντων</em></strong></span> <span class='ocrx_word' id='word_1_102' title='bbox 1106 837 1296 890; x_wconf 77' lang='grc' dir='ltr'><strong><em>πρεσβεῖα</em></strong></span> <span class='ocrx_word' id='word_1_103' title='bbox 1327 833 1400 886; x_wconf 77' lang='grc' dir='ltr'>μὲν</span> <span class='ocrx_word' id='word_1_104' title='bbox 1431 833 1588 875; x_wconf 76' lang='grc' dir='ltr'><strong><em>ἐδίδοτο</em></strong></span> <span class='ocrx_word' id='word_1_105' title='bbox 1611 838 1694 882; x_wconf 83' lang='grc' dir='ltr'><strong><em>τοῖς</em></strong></span> <span class='ocrx_word' id='word_1_106' title='bbox 1705 841 1749 876; x_wconf 83' lang='lat' dir='ltr'>lo</span> 
     </span>
     <span class='ocr_line' id='line_1_13' title="bbox 242 897 1696 957; baseline 0 -16"><span class='ocrx_word' id='word_1_107' title='bbox 242 897 471 957; x_wconf 87' lang='grc' dir='ltr'><strong><em>δικτάτορσι</em></strong></span> <span class='ocrx_word' id='word_1_108' title='bbox 485 932 498 952; x_wconf 86' lang='grc'>,</span> <span class='ocrx_word' id='word_1_109' title='bbox 533 903 733 956; x_wconf 84' lang='grc' dir='ltr'><strong><em>δευτερεΐα</em></strong></span> <span class='ocrx_word' id='word_1_110' title='bbox 756 902 803 943; x_wconf 84' lang='grc' dir='ltr'>δέ</span> <span class='ocrx_word' id='word_1_111' title='bbox 821 917 864 955; x_wconf 84' lang='grc' dir='ltr'>γε</span> <span class='ocrx_word' id='word_1_112' title='bbox 886 907 969 950; x_wconf 77' lang='grc' dir='ltr'><strong><em>τοῖς</em></strong></span> <span class='ocrx_word' id='word_1_113' title='bbox 990 908 1198 955; x_wconf 77' lang='grc' dir='ltr'><strong><em>τιμηταῖς,</em></strong></span> <span class='ocrx_word' id='word_1_114' title='bbox 1232 898 1258 954; x_wconf 74' lang='grc' dir='ltr'>ἦ</span> <span class='ocrx_word' id='word_1_115' title='bbox 1284 899 1328 942; x_wconf 74' lang='grc' dir='ltr'>δὲ</span> <span class='ocrx_word' id='word_1_116' title='bbox 1349 900 1460 956; x_wconf 85' lang='grc' dir='ltr'><strong><em>τρίτη</em></strong></span> <span class='ocrx_word' id='word_1_117' title='bbox 1479 898 1591 950; x_wconf 85' lang='grc' dir='ltr'><strong><em>τάξις</em></strong></span> <span class='ocrx_word' id='word_1_118' title='bbox 1613 906 1696 950; x_wconf 83' lang='grc' dir='ltr'><strong><em>τοῖς</em></strong></span> 
     </span>
     <span class='ocr_line' id='line_1_14' title="bbox 241 965 1695 1024; baseline 0.002 -16"><span class='ocrx_word' id='word_1_119' title='bbox 241 965 454 1024; x_wconf 78' lang='grc' dir='ltr'><strong><em>ἱππάρχοις</em></strong></span> <span class='ocrx_word' id='word_1_120' title='bbox 476 968 660 1022; x_wconf 84' lang='grc' dir='ltr'><strong><em>νενέμητο</em></strong></span> <span class='ocrx_word' id='word_1_121' title='bbox 682 981 692 992; x_wconf 94' lang='grc'>·</span> <span class='ocrx_word' id='word_1_122' title='bbox 728 970 794 1009; x_wconf 81' lang='grc' dir='ltr'>καὶ</span> <span class='ocrx_word' id='word_1_123' title='bbox 819 965 923 1010; x_wconf 74' lang='grc' dir='ltr'><strong><em>οὕτω</em></strong></span> <span class='ocrx_word' id='word_1_124' title='bbox 946 973 1073 1010; x_wconf 77' lang='grc' dir='ltr'><strong><em>ταῦτα</em></strong></span> <span class='ocrx_word' id='word_1_125' title='bbox 1097 968 1276 1010; x_wconf 78' lang='grc' dir='ltr'><strong><em>ἐτέτακτο</em></strong></span> <span class='ocrx_word' id='word_1_126' title='bbox 1299 966 1374 1008; x_wconf 76' lang='grc' dir='ltr'>κᾶν</span> <span class='ocrx_word' id='word_1_127' title='bbox 1391 969 1432 1010; x_wconf 73' lang='grc' dir='ltr'>ἐν</span> <span class='ocrx_word' id='word_1_128' title='bbox 1449 974 1543 1018; x_wconf 78' lang='grc' dir='ltr'>ταῖς1</span> <span class='ocrx_word' id='word_1_129' title='bbox 1553 968 1695 1023; x_wconf 77' lang='grc' dir='ltr'><strong><em>ἀρχαῖς</em></strong></span> 
     </span>
     <span class='ocr_line' id='line_1_15' title="bbox 240 1029 1694 1091; baseline 0.001 -15"><span class='ocrx_word' id='word_1_130' title='bbox 240 1029 344 1089; x_wconf 73' lang='grc' dir='ltr'><strong><em>ἦσαν</em></strong></span> <span class='ocrx_word' id='word_1_131' title='bbox 375 1034 448 1077; x_wconf 76' lang='grc' dir='ltr'>κᾶν</span> <span class='ocrx_word' id='word_1_132' title='bbox 481 1034 780 1091; x_wconf 81' lang='grc' dir='ltr'><strong><em>ἀπηλλάγησαν.</em></strong></span> <span class='ocrx_word' id='word_1_133' title='bbox 850 1036 884 1077; x_wconf 84' lang='grc' dir='ltr'>εἲ</span> <span class='ocrx_word' id='word_1_134' title='bbox 915 1033 994 1091; x_wconf 88' lang='grc' dir='ltr'>γάρ</span> <span class='ocrx_word' id='word_1_135' title='bbox 1017 1053 1077 1085; x_wconf 85' lang='grc' dir='ltr'>τις</span> <span class='ocrx_word' id='word_1_136' title='bbox 1099 1036 1140 1076; x_wconf 76' lang='grc' dir='ltr'>ἐκ</span> <span class='ocrx_word' id='word_1_137' title='bbox 1163 1036 1341 1088; x_wconf 77' lang='grc' dir='ltr'><strong><em>μείζονος</em></strong></span> <span class='ocrx_word' id='word_1_138' title='bbox 1365 1034 1493 1090; x_wconf 83' lang='grc' dir='ltr'><strong><em>ἀρχῆς</em></strong></span> <span class='ocrx_word' id='word_1_139' title='bbox 1516 1037 1572 1085; x_wconf 82' lang='grc' dir='ltr'>εἲς</span> <span class='ocrx_word' id='word_1_140' title='bbox 1591 1034 1694 1078; x_wconf 70' lang='grc' dir='ltr'><strong><em>ὕπο-</em></strong></span> 
     </span>
     <span class='ocr_line' id='line_1_16' title="bbox 242 1100 1697 1160; baseline 0 -16"><span class='ocrx_word' id='word_1_141' title='bbox 242 1103 448 1160; x_wconf 78' lang='grc' dir='ltr'><strong><em>δεεστέραν</em></strong></span> <span class='ocrx_word' id='word_1_142' title='bbox 471 1104 638 1157; x_wconf 79' lang='grc' dir='ltr'><strong><em>κατέστη</em></strong></span> <span class='ocrx_word' id='word_1_143' title='bbox 653 1135 665 1154; x_wconf 91' lang='grc'>,</span> <span class='ocrx_word' id='word_1_144' title='bbox 701 1103 746 1145; x_wconf 84' lang='grc' dir='ltr'>τὸ</span> <span class='ocrx_word' id='word_1_145' title='bbox 769 1106 843 1157; x_wconf 85' lang='grc' dir='ltr'>τῆς</span> <span class='ocrx_word' id='word_1_146' title='bbox 864 1103 1060 1160; x_wconf 81' lang='grc' dir='ltr'><strong><em>προτέρας</em></strong></span> <span class='ocrx_word' id='word_1_147' title='bbox 1084 1103 1241 1156; x_wconf 81' lang='grc' dir='ltr'><strong><em>ἀξίωμα</em></strong></span> <span class='ocrx_word' id='word_1_148' title='bbox 1265 1100 1362 1156; x_wconf 67' lang='grc' dir='ltr'><strong><em>εἶχεν</em></strong></span> <span class='ocrx_word' id='word_1_149' title='bbox 1385 1101 1582 1159; x_wconf 75' lang='grc' dir='ltr'><strong><em>ἀκέραιον.</em></strong></span> <span class='ocrx_word' id='word_1_150' title='bbox 1640 1100 1697 1153; x_wconf 78' lang='grc' dir='ltr'>εἷς</span> 
     </span>
     <span class='ocr_line' id='line_1_17' title="bbox 240 1162 1748 1229; baseline 0.003 -18"><span class='ocrx_word' id='word_1_151' title='bbox 240 1171 286 1212; x_wconf 81' lang='grc' dir='ltr'>δέ</span> <span class='ocrx_word' id='word_1_152' title='bbox 317 1188 376 1221; x_wconf 88' lang='grc' dir='ltr'>τις</span> <span class='ocrx_word' id='word_1_153' title='bbox 407 1170 453 1213; x_wconf 79' lang='grc' dir='ltr'>ὃν</span> <span class='ocrx_word' id='word_1_154' title='bbox 484 1172 673 1227; x_wconf 85' lang='grc' dir='ltr'><strong><em>πρίγκιπα</em></strong></span> <span class='ocrx_word' id='word_1_155' title='bbox 704 1171 777 1225; x_wconf 76' lang='grc' dir='ltr'>μὲν</span> <span class='ocrx_word' id='word_1_156' title='bbox 809 1174 880 1225; x_wconf 84' lang='grc' dir='ltr'>τῆς</span> <span class='ocrx_word' id='word_1_157' title='bbox 902 1172 1111 1229; x_wconf 77' lang='grc' dir='ltr'><strong><em>γερουσίας</em></strong></span> <span class='ocrx_word' id='word_1_158' title='bbox 1134 1162 1365 1223; x_wconf 73' lang='grc' dir='ltr'><strong><em>ὠνόμαζον,</em></strong></span> <span class='ocrx_word' id='word_1_159' title='bbox 1401 1171 1551 1226; x_wconf 78' lang='grc' dir='ltr'><strong><em>λέγοιτο</em></strong></span> <span class='ocrx_word' id='word_1_160' title='bbox 1576 1169 1617 1212; x_wconf 77' lang='grc' dir='ltr'>δ’</span> <span class='ocrx_word' id='word_1_161' title='bbox 1644 1169 1748 1216; x_wconf 77' lang='grc' dir='ltr'><strong><em>ἂν15</em></strong></span> 
     </span>
     <span class='ocr_line' id='line_1_18' title="bbox 240 1237 1693 1295; baseline 0.001 -16"><span class='ocrx_word' id='word_1_162' title='bbox 240 1239 342 1279; x_wconf 73' lang='grc' dir='ltr'><strong><em>καθ’</em></strong></span> <span class='ocrx_word' id='word_1_163' title='bbox 360 1238 556 1293; x_wconf 55' lang='grc' dir='ltr'><strong><em>*Έλληνας</em></strong></span> <span class='ocrx_word' id='word_1_164' title='bbox 577 1237 802 1294; x_wconf 85' lang='grc' dir='ltr'><strong><em>πρόκριτος,</em></strong></span> <span class='ocrx_word' id='word_1_165' title='bbox 821 1238 1060 1292; x_wconf 82' lang='grc' dir='ltr'><strong><em>συμπάντων</em></strong></span> <span class='ocrx_word' id='word_1_166' title='bbox 1084 1245 1239 1295; x_wconf 76' lang='grc' dir='ltr'><strong><em>προεῖχε</em></strong></span> <span class='ocrx_word' id='word_1_167' title='bbox 1262 1237 1330 1280; x_wconf 82' lang='grc' dir='ltr'>τὸν</span> <span class='ocrx_word' id='word_1_168' title='bbox 1348 1237 1496 1295; x_wconf 87' lang='grc' dir='ltr'><strong><em>χρόνον</em></strong></span> <span class='ocrx_word' id='word_1_169' title='bbox 1513 1237 1558 1281; x_wconf 66' lang='grc' dir='ltr'>ὃν</span> <span class='ocrx_word' id='word_1_170' title='bbox 1572 1255 1693 1295; x_wconf 49' lang='grc' dir='ltr'><strong><em>προεα</em></strong></span> 
     </span>
     <span class='ocr_line' id='line_1_19' title="bbox 241 1306 1694 1364; baseline 0.003 -19"><span class='ocrx_word' id='word_1_171' title='bbox 241 1306 390 1362; x_wconf 84' lang='grc' dir='ltr'><strong><em>κρίνετο</em></strong></span> <span class='ocrx_word' id='word_1_172' title='bbox 416 1307 480 1359; x_wconf 81' lang='grc' dir='ltr'>(οὗ</span> <span class='ocrx_word' id='word_1_173' title='bbox 498 1306 575 1363; x_wconf 81' lang='grc' dir='ltr'>γὰρ</span> <span class='ocrx_word' id='word_1_174' title='bbox 596 1307 662 1349; x_wconf 82' lang='grc' dir='ltr'><strong><em>διὰ</em></strong></span> <span class='ocrx_word' id='word_1_175' title='bbox 681 1308 771 1359; x_wconf 89' lang='grc' dir='ltr'>βιόυ</span> <span class='ocrx_word' id='word_1_176' title='bbox 790 1324 850 1356; x_wconf 90' lang='grc' dir='ltr'>τις</span> <span class='ocrx_word' id='word_1_177' title='bbox 869 1309 923 1356; x_wconf 79' lang='grc' dir='ltr'>εἷς</span> <span class='ocrx_word' id='word_1_178' title='bbox 941 1311 1057 1349; x_wconf 82' lang='grc' dir='ltr'><strong><em>τοῦτο</em></strong></span> <span class='ocrx_word' id='word_1_179' title='bbox 1076 1306 1395 1363; x_wconf 83' lang='grc' dir='ltr'><strong><em>προεχειρίζετο),</em></strong></span> <span class='ocrx_word' id='word_1_180' title='bbox 1415 1307 1481 1348; x_wconf 81' lang='grc' dir='ltr'>καὶ</span> <span class='ocrx_word' id='word_1_181' title='bbox 1498 1307 1694 1364; x_wconf 78' lang='grc' dir='ltr'><strong><em>προέφερε</em></strong></span> 
     </span>
     <span class='ocr_line' id='line_1_20' title="bbox 239 1372 1530 1431; baseline 0.002 -17"><span class='ocrx_word' id='word_1_182' title='bbox 239 1378 317 1415; x_wconf 75' lang='grc' dir='ltr'>τῶν</span> <span class='ocrx_word' id='word_1_183' title='bbox 341 1373 471 1416; x_wconf 76' lang='grc' dir='ltr'><strong><em>ἄλλων</em></strong></span> <span class='ocrx_word' id='word_1_184' title='bbox 493 1380 550 1431; x_wconf 80' lang='grc' dir='ltr'>τῷ</span> <span class='ocrx_word' id='word_1_185' title='bbox 573 1372 790 1429; x_wconf 80' lang='grc' dir='ltr'><strong><em>ἀξιώματι,</em></strong></span> <span class='ocrx_word' id='word_1_186' title='bbox 826 1374 872 1415; x_wconf 81' lang='grc' dir='ltr'><strong><em>οὗ</em></strong></span> <span class='ocrx_word' id='word_1_187' title='bbox 896 1375 975 1430; x_wconf 84' lang='grc' dir='ltr'>μὴν</span> <span class='ocrx_word' id='word_1_188' title='bbox 998 1376 1063 1416; x_wconf 82' lang='grc' dir='ltr'>καὶ</span> <span class='ocrx_word' id='word_1_189' title='bbox 1088 1373 1253 1427; x_wconf 83' lang='grc' dir='ltr'><strong><em>δυνάμει</em></strong></span> <span class='ocrx_word' id='word_1_190' title='bbox 1277 1375 1419 1430; x_wconf 72' lang='grc' dir='ltr'><strong><em>ἐχρῆτο</em></strong></span> <span class='ocrx_word' id='word_1_191' title='bbox 1441 1375 1530 1416; x_wconf 91' lang='grc' dir='ltr'><strong><em>τινί.</em></strong></span> 
     </span>
    </p>

    <p class='ocr_par' dir='ltr' id='par_1_5' title="bbox 186 1437 1746 1705">
     <span class='ocr_line' id='line_1_21' title="bbox 186 1437 1694 1500; baseline 0.002 -18"><span class='ocrx_word' id='word_1_192' title='bbox 186 1444 216 1478; x_wconf 82' lang='lat' dir='ltr'>C</span> <span class='ocrx_word' id='word_1_193' title='bbox 374 1442 442 1483; x_wconf 81' lang='lat'>20.</span> <span class='ocrx_word' id='word_1_194' title='bbox 511 1442 672 1499; x_wconf 89' lang='grc' dir='ltr'><strong><em>Χρόνον</em></strong></span> <span class='ocrx_word' id='word_1_195' title='bbox 693 1443 766 1497; x_wconf 77' lang='grc' dir='ltr'>μὲν</span> <span class='ocrx_word' id='word_1_196' title='bbox 789 1437 859 1485; x_wconf 71' lang='grc' dir='ltr'>οὖν</span> <span class='ocrx_word' id='word_1_197' title='bbox 883 1460 971 1485; x_wconf 90' lang='grc' dir='ltr'><strong><em>τινα</em></strong></span> <span class='ocrx_word' id='word_1_198' title='bbox 996 1440 1153 1498; x_wconf 75' lang='grc' dir='ltr'><strong><em>εἰρήνην</em></strong></span> <span class='ocrx_word' id='word_1_199' title='bbox 1175 1441 1276 1497; x_wconf 85' lang='grc' dir='ltr'><strong><em>πρὸς</em></strong></span> <span class='ocrx_word' id='word_1_200' title='bbox 1294 1440 1492 1496; x_wconf 81' lang='grc' dir='ltr'><strong><em>ἀλλήλους</em></strong></span> <span class='ocrx_word' id='word_1_201' title='bbox 1508 1443 1694 1500; x_wconf 78' lang='grc' dir='ltr'><strong><em>καὶπρὸς</em></strong></span> 
     </span>
     <span class='ocr_line' id='line_1_22' title="bbox 238 1506 1746 1566; baseline 0.003 -17"><span class='ocrx_word' id='word_1_202' title='bbox 238 1509 330 1558; x_wconf 79' lang='grc' dir='ltr'><strong><em>τοὺς</em></strong></span> <span class='ocrx_word' id='word_1_203' title='bbox 362 1511 584 1566; x_wconf 85' lang='grc' dir='ltr'><strong><em>περιοίκους</em></strong></span> <span class='ocrx_word' id='word_1_204' title='bbox 605 1510 775 1566; x_wconf 79' lang='grc' dir='ltr'><strong><em>ἤγαγον·</em></strong></span> <span class='ocrx_word' id='word_1_205' title='bbox 812 1509 894 1552; x_wconf 78' lang='grc' dir='ltr'><strong><em>εἶτα</em></strong></span> <span class='ocrx_word' id='word_1_206' title='bbox 916 1514 1037 1565; x_wconf 82' lang='grc' dir='ltr'><strong><em>λιμοῦ</em></strong></span> <span class='ocrx_word' id='word_1_207' title='bbox 1060 1506 1420 1566; x_wconf 77' lang='grc' dir='ltr'><strong><em>ἐπικρατήσαντος,</em></strong></span> <span class='ocrx_word' id='word_1_208' title='bbox 1455 1508 1556 1552; x_wconf 80' lang='grc' dir='ltr'><strong><em>ὥστε</em></strong></span> <span class='ocrx_word' id='word_1_209' title='bbox 1578 1512 1746 1562; x_wconf 58' lang='lat' dir='ltr'>urnis-20</span> 
     </span>
     <span class='ocr_line' id='line_1_23' title="bbox 242 1577 1689 1634; baseline 0.003 -18"><span class='ocrx_word' id='word_1_210' title='bbox 242 1577 307 1617; x_wconf 84' lang='grc' dir='ltr'>καὶ</span> <span class='ocrx_word' id='word_1_211' title='bbox 343 1579 398 1627; x_wconf 76' lang='grc' dir='ltr'>εἷς</span> <span class='ocrx_word' id='word_1_212' title='bbox 429 1578 496 1621; x_wconf 84' lang='grc' dir='ltr'>τὸν</span> <span class='ocrx_word' id='word_1_213' title='bbox 529 1579 708 1632; x_wconf 85' lang='grc' dir='ltr'><strong><em>ποταμὸν</em></strong></span> <span class='ocrx_word' id='word_1_214' title='bbox 742 1577 908 1628; x_wconf 72' lang='grc' dir='ltr'><strong><em>ἑαυτοὺς</em></strong></span> <span class='ocrx_word' id='word_1_215' title='bbox 943 1580 1128 1632; x_wconf 75' lang='grc' dir='ltr'><strong><em>ἐμβαλεῖν</em></strong></span> <span class='ocrx_word' id='word_1_216' title='bbox 1155 1577 1213 1631; x_wconf 85' lang='grc' dir='ltr'><strong><em>μὴ</em></strong></span> <span class='ocrx_word' id='word_1_217' title='bbox 1250 1578 1447 1634; x_wconf 84' lang='grc' dir='ltr'><strong><em>φέροντας</em></strong></span> <span class='ocrx_word' id='word_1_218' title='bbox 1467 1578 1537 1621; x_wconf 82' lang='grc' dir='ltr'>τὸν</span> <span class='ocrx_word' id='word_1_219' title='bbox 1560 1577 1689 1633; x_wconf 83' lang='grc' dir='ltr'><strong><em>λιμόν,</em></strong></span> 
     </span>
     <span class='ocr_line' id='line_1_24' title="bbox 240 1643 1689 1705; baseline 0.004 -21"><span class='ocrx_word' id='word_1_220' title='bbox 240 1644 490 1688; x_wconf 68' lang='grc' dir='ltr'><strong><em>ἐστασίασαν.</em></strong></span> <span class='ocrx_word' id='word_1_221' title='bbox 559 1647 598 1689; x_wconf 79' lang='grc' dir='ltr'><strong><em>οἳ</em></strong></span> <span class='ocrx_word' id='word_1_222' title='bbox 619 1648 691 1701; x_wconf 77' lang='grc' dir='ltr'>μὲν</span> <span class='ocrx_word' id='word_1_223' title='bbox 708 1646 784 1704; x_wconf 81' lang='grc' dir='ltr'>γὰρ</span> <span class='ocrx_word' id='word_1_224' title='bbox 801 1646 895 1698; x_wconf 71' lang='grc' dir='ltr'><strong><em>τοὺς</em></strong></span> <span class='ocrx_word' id='word_1_225' title='bbox 912 1645 1105 1705; x_wconf 76' lang='grc' dir='ltr'><strong><em>εὐπόρους</em></strong></span> <span class='ocrx_word' id='word_1_226' title='bbox 1124 1643 1178 1696; x_wconf 79' lang='grc' dir='ltr'><strong><em>ὥς</em></strong></span> <span class='ocrx_word' id='word_1_227' title='bbox 1196 1647 1284 1702; x_wconf 84' lang='grc' dir='ltr'><strong><em>περὶ</em></strong></span> <span class='ocrx_word' id='word_1_228' title='bbox 1302 1645 1371 1688; x_wconf 85' lang='grc' dir='ltr'>τὸν</span> <span class='ocrx_word' id='word_1_229' title='bbox 1391 1652 1500 1689; x_wconf 85' lang='grc' dir='ltr'><strong><em>σΐτον</em></strong></span> <span class='ocrx_word' id='word_1_230' title='bbox 1516 1663 1689 1703; x_wconf 81' lang='grc' dir='ltr'><strong><em>κακουρ-</em></strong></span> 
     </span>
    </p>
   </div>
   <div class='ocr_carea' id='block_1_4' title="bbox 327 1749 1685 1847">
    <p class='ocr_par' dir='ltr' id='par_1_6' title="bbox 327 1749 1685 1847">
     <span class='ocr_line' id='line_1_25' title="bbox 329 1749 1685 1800; baseline 0.003 -11"><span class='ocrx_word' id='word_1_231' title='bbox 329 1753 351 1789; x_wconf 86' lang='grc'><strong>7</strong></span> <span class='ocrx_word' id='word_1_232' title='bbox 374 1752 560 1790; x_wconf 82' lang='grc' dir='ltr'><strong><em>δουλεύειν</em></strong></span> <span class='ocrx_word' id='word_1_233' title='bbox 580 1754 621 1791; x_wconf 90' lang='grc' dir='ltr'>Β.</span> <span class='ocrx_word' id='word_1_234' title='bbox 760 1757 803 1789; x_wconf 89' lang='grc'>10</span> <span class='ocrx_word' id='word_1_235' title='bbox 824 1752 890 1800; x_wconf 73' lang='grc' dir='ltr'>μὲν</span> <span class='ocrx_word' id='word_1_236' title='bbox 914 1767 967 1790; x_wconf 89' lang='lat' dir='ltr'>om</span> <span class='ocrx_word' id='word_1_237' title='bbox 991 1756 1034 1792; x_wconf 88' lang='lat' dir='ltr'>B.</span> <span class='ocrx_word' id='word_1_238' title='bbox 1169 1749 1320 1788; x_wconf 69' lang='grc' dir='ltr'><strong><em>ἐδέδοτο</em></strong></span> <span class='ocrx_word' id='word_1_239' title='bbox 1345 1753 1383 1789; x_wconf 81' lang='grc' dir='ltr'>Β.</span> <span class='ocrx_word' id='word_1_240' title='bbox 1500 1754 1545 1789; x_wconf 75' lang='lat'>12</span> <span class='ocrx_word' id='word_1_241' title='bbox 1569 1750 1685 1798; x_wconf 79' lang='grc' dir='ltr'><em>’ὗποῖρ-</em></span> 
     </span>
     <span class='ocr_line' id='line_1_26' title="bbox 327 1796 1254 1847; baseline 0.003 -15"><span class='ocrx_word' id='word_1_242' title='bbox 327 1811 405 1842; x_wconf 78' lang='grc' dir='ltr'><strong><em>χοις</em></strong></span> <span class='ocrx_word' id='word_1_243' title='bbox 427 1801 468 1835; x_wconf 87' lang='lat' dir='ltr'>C.</span> <span class='ocrx_word' id='word_1_244' title='bbox 607 1800 649 1837; x_wconf 88' lang='grc'>16</span> <span class='ocrx_word' id='word_1_245' title='bbox 672 1798 887 1847; x_wconf 82' lang='grc' dir='ltr'><strong><em>συμβάντων</em></strong></span> <span class='ocrx_word' id='word_1_246' title='bbox 911 1802 952 1837; x_wconf 87' lang='lat' dir='ltr'>C.</span> <span class='ocrx_word' id='word_1_247' title='bbox 1086 1800 1126 1835; x_wconf 83' lang='lat'>21</span> <span class='ocrx_word' id='word_1_248' title='bbox 1154 1796 1189 1840; x_wconf 78' lang='grc' dir='ltr'><strong><em>ἐς</em></strong></span> <span class='ocrx_word' id='word_1_249' title='bbox 1212 1800 1254 1835; x_wconf 87' lang='grc' dir='ltr'>Β.</span> 
     </span>
    </p>
   </div>
   <div class='ocr_carea' id='block_1_5' title="bbox 368 1889 1679 1937">
    <p class='ocr_par' dir='ltr' id='par_1_7' title="bbox 368 1889 1679 1937">
     <span class='ocr_line' id='line_1_27' title="bbox 368 1889 1679 1937; baseline 0.002 -14"><span class='ocrx_word' id='word_1_250' title='bbox 368 1890 536 1927; x_wconf 69' lang='lat' dir='ltr'>Fomns.</span> <span class='ocrx_word' id='word_1_251' title='bbox 587 1892 674 1937; x_wconf 81' lang='lat' dir='ltr'>Gap.</span> <span class='ocrx_word' id='word_1_252' title='bbox 697 1891 754 1927; x_wconf 72' lang='lat'>20.</span> <span class='ocrx_word' id='word_1_253' title='bbox 805 1891 933 1926; x_wconf 77' lang='lat' dir='ltr'>Dionis</span> <span class='ocrx_word' id='word_1_254' title='bbox 960 1890 1140 1926; x_wconf 80' lang='lat' dir='ltr'><strong><em>Historiae</em></strong></span> <span class='ocrx_word' id='word_1_255' title='bbox 1174 1891 1356 1925; x_wconf 77' lang='lat' dir='ltr'><em>Romanae</em></span> <span class='ocrx_word' id='word_1_256' title='bbox 1388 1889 1470 1924; x_wconf 73' lang='lat' dir='ltr'>libri</span> <span class='ocrx_word' id='word_1_257' title='bbox 1498 1890 1679 1935; x_wconf 80' lang='lat' dir='ltr'><strong><em>deperditi.</em></strong></span> 
     </span>
    </p>
   </div>
   <div class='ocr_carea' id='block_1_6' title="bbox 224 1979 1688 2815">
    <p class='ocr_par' dir='ltr' id='par_1_8' title="bbox 231 1979 1688 2380">
     <span class='ocr_line' id='line_1_28' title="bbox 233 1979 1686 2026; baseline 0.004 -16"><span class='ocrx_word' id='word_1_258' title='bbox 233 1979 392 2022; x_wconf 78' lang='lat' dir='ltr'>popuium</span> <span class='ocrx_word' id='word_1_259' title='bbox 415 1979 497 2014; x_wconf 86' lang='lat' dir='ltr'>item</span> <span class='ocrx_word' id='word_1_260' title='bbox 523 1982 565 2015; x_wconf 87' lang='lat' dir='ltr'>ad</span> <span class='ocrx_word' id='word_1_261' title='bbox 589 1982 760 2026; x_wconf 76' lang='lat' dir='ltr'><strong>rogandae</strong></span> <span class='ocrx_word' id='word_1_262' title='bbox 783 1983 877 2026; x_wconf 85' lang='lat' dir='ltr'>leges</span> <span class='ocrx_word' id='word_1_263' title='bbox 901 1981 1035 2026; x_wconf 89' lang='lat' dir='ltr'>aliaque</span> <span class='ocrx_word' id='word_1_264' title='bbox 1056 1981 1171 2016; x_wconf 86' lang='lat' dir='ltr'>munia</span> <span class='ocrx_word' id='word_1_265' title='bbox 1193 1981 1451 2022; x_wconf 81' lang='lat' dir='ltr'>convocabant;</span> <span class='ocrx_word' id='word_1_266' title='bbox 1475 1986 1511 2014; x_wconf 86' lang='lat' dir='ltr'>et</span> <span class='ocrx_word' id='word_1_267' title='bbox 1524 1981 1686 2016; x_wconf 87' lang='lat' dir='ltr'>maiorum</span> 
     </span>
     <span class='ocr_line' id='line_1_29' title="bbox 232 2024 1688 2072; baseline 0.003 -16"><span class='ocrx_word' id='word_1_268' title='bbox 232 2024 487 2067; x_wconf 77' lang='lat' dir='ltr'>magistratuum</span> <span class='ocrx_word' id='word_1_269' title='bbox 512 2028 733 2070; x_wconf 80' lang='lat' dir='ltr'>ornamentis,</span> <span class='ocrx_word' id='word_1_270' title='bbox 757 2027 939 2061; x_wconf 85' lang='lat' dir='ltr'><strong>lictoribus</strong></span> <span class='ocrx_word' id='word_1_271' title='bbox 963 2028 1137 2072; x_wconf 84' lang='lat' dir='ltr'>exceptis,</span> <span class='ocrx_word' id='word_1_272' title='bbox 1165 2027 1364 2062; x_wconf 76' lang='lat' dir='ltr'>utebantur.</span> <span class='ocrx_word' id='word_1_273' title='bbox 1410 2037 1451 2059; x_wconf 80' lang='lat' dir='ltr'>ac</span> <span class='ocrx_word' id='word_1_274' title='bbox 1473 2026 1542 2060; x_wconf 82' lang='lat' dir='ltr'>tale</span> <span class='ocrx_word' id='word_1_275' title='bbox 1566 2039 1688 2061; x_wconf 88' lang='lat' dir='ltr'>censo-</span> 
     </span>
     <span class='ocr_line' id='line_1_30' title="bbox 231 2072 1687 2118; baseline 0.003 -17"><span class='ocrx_word' id='word_1_276' title='bbox 231 2081 305 2102; x_wconf 84' lang='lat' dir='ltr'>rum</span> <span class='ocrx_word' id='word_1_277' title='bbox 328 2081 447 2104; x_wconf 89' lang='lat' dir='ltr'>munus</span> <span class='ocrx_word' id='word_1_278' title='bbox 472 2073 552 2106; x_wconf 84' lang='lat' dir='ltr'>fuit.</span> <span class='ocrx_word' id='word_1_279' title='bbox 601 2074 659 2118; x_wconf 89' lang='lat' dir='ltr'>qui</span> <span class='ocrx_word' id='word_1_280' title='bbox 685 2085 793 2117; x_wconf 88' lang='lat' dir='ltr'>vero,</span> <span class='ocrx_word' id='word_1_281' title='bbox 818 2084 892 2107; x_wconf 90' lang='lat' dir='ltr'>cum</span> <span class='ocrx_word' id='word_1_282' title='bbox 916 2084 1040 2106; x_wconf 88' lang='lat' dir='ltr'>census</span> <span class='ocrx_word' id='word_1_283' title='bbox 1064 2073 1245 2117; x_wconf 81' lang='lat' dir='ltr'>agebatur,</span> <span class='ocrx_word' id='word_1_284' title='bbox 1271 2083 1333 2105; x_wconf 89' lang='lat' dir='ltr'>sua</span> <span class='ocrx_word' id='word_1_285' title='bbox 1357 2072 1494 2105; x_wconf 86' lang='lat' dir='ltr'>nomina</span> <span class='ocrx_word' id='word_1_286' title='bbox 1517 2077 1554 2104; x_wconf 88' lang='lat' dir='ltr'>et</span> <span class='ocrx_word' id='word_1_287' title='bbox 1577 2074 1687 2106; x_wconf 76' lang='lat' dir='ltr'>facul-</span> 
     </span>
     <span class='ocr_line' id='line_1_31' title="bbox 231 2116 1687 2161; baseline 0.004 -15"><span class='ocrx_word' id='word_1_288' title='bbox 231 2120 321 2148; x_wconf 84' lang='lat' dir='ltr'>tates</span> <span class='ocrx_word' id='word_1_289' title='bbox 345 2117 494 2159; x_wconf 78' lang='lat' dir='ltr'>professi</span> <span class='ocrx_word' id='word_1_290' title='bbox 513 2130 579 2151; x_wconf 91' lang='lat' dir='ltr'>non</span> <span class='ocrx_word' id='word_1_291' title='bbox 605 2123 715 2161; x_wconf 86' lang='lat' dir='ltr'>erant,</span> <span class='ocrx_word' id='word_1_292' title='bbox 740 2130 856 2152; x_wconf 87' lang='lat' dir='ltr'>eorum</span> <span class='ocrx_word' id='word_1_293' title='bbox 880 2119 1061 2152; x_wconf 80' lang='lat' dir='ltr'><strong>facultates</strong></span> <span class='ocrx_word' id='word_1_294' title='bbox 1084 2130 1105 2151; x_wconf 86' lang='lat' dir='ltr'>a</span> <span class='ocrx_word' id='word_1_295' title='bbox 1128 2117 1342 2159; x_wconf 84' lang='lat' dir='ltr'>censoribus,</span> <span class='ocrx_word' id='word_1_296' title='bbox 1365 2116 1434 2160; x_wconf 87' lang='lat' dir='ltr'>ipsi</span> <span class='ocrx_word' id='word_1_297' title='bbox 1451 2128 1471 2150; x_wconf 88' lang='lat' dir='ltr'>a</span> <span class='ocrx_word' id='word_1_298' title='bbox 1489 2118 1687 2152; x_wconf 86' lang='lat' dir='ltr'>consulibus</span> 
     </span>
     <span class='ocr_line' id='line_1_32' title="bbox 231 2161 1686 2210; baseline 0.004 -19"><span class='ocrx_word' id='word_1_299' title='bbox 231 2161 482 2198; x_wconf 80' lang='lat' dir='ltr'>vendebantur.</span> <span class='ocrx_word' id='word_1_300' title='bbox 531 2169 568 2198; x_wconf 80' lang='lat' dir='ltr'>et</span> <span class='ocrx_word' id='word_1_301' title='bbox 601 2164 687 2197; x_wconf 87' lang='lat' dir='ltr'>haec</span> <span class='ocrx_word' id='word_1_302' title='bbox 720 2165 763 2197; x_wconf 90' lang='lat' dir='ltr'>ad</span> <span class='ocrx_word' id='word_1_303' title='bbox 787 2169 922 2210; x_wconf 88' lang='lat' dir='ltr'>tempus</span> <span class='ocrx_word' id='word_1_304' title='bbox 946 2164 1085 2208; x_wconf 79' lang='lat' dir='ltr'>aliquod</span> <span class='ocrx_word' id='word_1_305' title='bbox 1106 2163 1156 2196; x_wconf 88' lang='lat' dir='ltr'>sic</span> <span class='ocrx_word' id='word_1_306' title='bbox 1182 2167 1259 2196; x_wconf 85' lang='lat' dir='ltr'>acta</span> <span class='ocrx_word' id='word_1_307' title='bbox 1282 2166 1384 2195; x_wconf 87' lang='lat' dir='ltr'>sunt:</span> <span class='ocrx_word' id='word_1_308' title='bbox 1415 2165 1495 2206; x_wconf 89' lang='lat' dir='ltr'>post</span> <span class='ocrx_word' id='word_1_309' title='bbox 1515 2163 1686 2198; x_wconf 86' lang='lat' dir='ltr'>constitu-</span> 
     </span>
     <span class='ocr_line' id='line_1_33' title="bbox 233 2209 1685 2252; baseline 0.004 -15"><span class='ocrx_word' id='word_1_310' title='bbox 233 2212 302 2238; x_wconf 81' lang='lat' dir='ltr'>tum</span> <span class='ocrx_word' id='word_1_311' title='bbox 328 2211 382 2239; x_wconf 88' lang='lat' dir='ltr'>est</span> <span class='ocrx_word' id='word_1_312' title='bbox 403 2212 466 2251; x_wconf 86' lang='lat' dir='ltr'>ut,</span> <span class='ocrx_word' id='word_1_313' title='bbox 497 2209 556 2252; x_wconf 89' lang='lat' dir='ltr'>qui</span> <span class='ocrx_word' id='word_1_314' title='bbox 586 2211 689 2243; x_wconf 84' lang='lat' dir='ltr'>semel</span> <span class='ocrx_word' id='word_1_315' title='bbox 720 2211 756 2243; x_wconf 87' lang='lat' dir='ltr'>in</span> <span class='ocrx_word' id='word_1_316' title='bbox 780 2215 934 2244; x_wconf 77' lang='lat' dir='ltr'>senatum</span> <span class='ocrx_word' id='word_1_317' title='bbox 956 2210 1066 2244; x_wconf 79' lang='lat' dir='ltr'>lectus</span> <span class='ocrx_word' id='word_1_318' title='bbox 1090 2212 1203 2252; x_wconf 82' lang='lat' dir='ltr'>esset,</span> <span class='ocrx_word' id='word_1_319' title='bbox 1226 2219 1290 2252; x_wconf 87' lang='lat' dir='ltr'>per</span> <span class='ocrx_word' id='word_1_320' title='bbox 1320 2218 1450 2242; x_wconf 89' lang='lat' dir='ltr'>omnem</span> <span class='ocrx_word' id='word_1_321' title='bbox 1475 2214 1623 2243; x_wconf 81' lang='lat' dir='ltr'>aetatem</span> <span class='ocrx_word' id='word_1_322' title='bbox 1649 2209 1685 2243; x_wconf 85' lang='lat' dir='ltr'>in</span> 
     </span>
     <span class='ocr_line' id='line_1_34' title="bbox 234 2252 1684 2299; baseline 0.003 -16"><span class='ocrx_word' id='word_1_323' title='bbox 234 2262 274 2283; x_wconf 91' lang='lat' dir='ltr'>eo</span> <span class='ocrx_word' id='word_1_324' title='bbox 298 2260 472 2295; x_wconf 83' lang='lat' dir='ltr'>maneret,</span> <span class='ocrx_word' id='word_1_325' title='bbox 494 2266 606 2299; x_wconf 90' lang='lat' dir='ltr'>neque</span> <span class='ocrx_word' id='word_1_326' title='bbox 630 2255 802 2289; x_wconf 79' lang='lat' dir='ltr'>deleretur</span> <span class='ocrx_word' id='word_1_327' title='bbox 826 2260 868 2289; x_wconf 85' lang='lat' dir='ltr'>ex</span> <span class='ocrx_word' id='word_1_328' title='bbox 892 2255 971 2288; x_wconf 86' lang='lat' dir='ltr'>albo</span> <span class='ocrx_word' id='word_1_329' title='bbox 995 2254 1060 2287; x_wconf 88' lang='lat' dir='ltr'>nisi</span> <span class='ocrx_word' id='word_1_330' title='bbox 1085 2254 1128 2287; x_wconf 91' lang='lat' dir='ltr'>ob</span> <span class='ocrx_word' id='word_1_331' title='bbox 1153 2253 1285 2288; x_wconf 82' lang='lat' dir='ltr'>facinus</span> <span class='ocrx_word' id='word_1_332' title='bbox 1307 2252 1531 2297; x_wconf 80' lang='lat' dir='ltr'>ignominioso</span> <span class='ocrx_word' id='word_1_333' title='bbox 1554 2254 1684 2288; x_wconf 87' lang='lat' dir='ltr'>iudicio</span> 
     </span>
     <span class='ocr_line' id='line_1_35' title="bbox 233 2297 1685 2346; baseline 0.004 -18"><span class='ocrx_word' id='word_1_334' title='bbox 233 2297 474 2332; x_wconf 87' lang='lat' dir='ltr'>condemnatus</span> <span class='ocrx_word' id='word_1_335' title='bbox 499 2306 592 2334; x_wconf 87' lang='lat' dir='ltr'>esset</span> <span class='ocrx_word' id='word_1_336' title='bbox 615 2306 675 2334; x_wconf 86' lang='lat' dir='ltr'>aut</span> <span class='ocrx_word' id='word_1_337' title='bbox 690 2302 866 2346; x_wconf 83' lang='lat' dir='ltr'>improbae</span> <span class='ocrx_word' id='word_1_338' title='bbox 882 2301 980 2335; x_wconf 83' lang='lat' dir='ltr'>vitae</span> <span class='ocrx_word' id='word_1_339' title='bbox 993 2299 1185 2335; x_wconf 84' lang='lat' dir='ltr'>convictus.</span> <span class='ocrx_word' id='word_1_340' title='bbox 1230 2297 1358 2332; x_wconf 82' lang='lat' dir='ltr'>talibus</span> <span class='ocrx_word' id='word_1_341' title='bbox 1377 2298 1466 2332; x_wconf 88' lang='lat' dir='ltr'>enim</span> <span class='ocrx_word' id='word_1_342' title='bbox 1481 2299 1517 2332; x_wconf 87' lang='lat' dir='ltr'>in</span> <span class='ocrx_word' id='word_1_343' title='bbox 1533 2300 1685 2334; x_wconf 83' lang='lat' dir='ltr'>ordinem</span> 
     </span>
     <span class='ocr_line' id='line_1_36' title="bbox 233 2343 1091 2380; baseline 0.007 -6"><span class='ocrx_word' id='word_1_344' title='bbox 233 2343 362 2376; x_wconf 77' lang='lat' dir='ltr'>coactis</span> <span class='ocrx_word' id='word_1_345' title='bbox 386 2344 471 2378; x_wconf 85' lang='lat' dir='ltr'>alios</span> <span class='ocrx_word' id='word_1_346' title='bbox 495 2345 530 2378; x_wconf 90' lang='lat' dir='ltr'>in</span> <span class='ocrx_word' id='word_1_347' title='bbox 555 2357 670 2379; x_wconf 87' lang='lat' dir='ltr'>eorum</span> <span class='ocrx_word' id='word_1_348' title='bbox 693 2348 803 2380; x_wconf 86' lang='lat' dir='ltr'>locum</span> <span class='ocrx_word' id='word_1_349' title='bbox 827 2346 1091 2380; x_wconf 81' lang='lat' dir='ltr'>substituebant.</span> 
     </span>
    </p>

    <p class='ocr_par' dir='ltr' id='par_1_9' title="bbox 227 2388 1686 2664">
     <span class='ocr_line' id='line_1_37' title="bbox 366 2388 1686 2436; baseline 0.002 -14"><span class='ocrx_word' id='word_1_350' title='bbox 366 2389 406 2422; x_wconf 89' lang='lat' dir='ltr'>In</span> <span class='ocrx_word' id='word_1_351' title='bbox 436 2391 697 2434; x_wconf 84' lang='lat' dir='ltr'>magistratibus</span> <span class='ocrx_word' id='word_1_352' title='bbox 728 2397 918 2436; x_wconf 85' lang='lat' dir='ltr'>temporum</span> <span class='ocrx_word' id='word_1_353' title='bbox 949 2403 1053 2425; x_wconf 87' lang='lat' dir='ltr'>causa</span> <span class='ocrx_word' id='word_1_354' title='bbox 1074 2389 1242 2424; x_wconf 84' lang='lat' dir='ltr'>institutis</span> <span class='ocrx_word' id='word_1_355' title='bbox 1267 2388 1456 2433; x_wconf 81' lang='lat' dir='ltr'>principem</span> <span class='ocrx_word' id='word_1_356' title='bbox 1481 2389 1686 2425; x_wconf 82' lang='lat' dir='ltr'>obtinebant</span> 
     </span>
     <span class='ocr_line' id='line_1_38' title="bbox 228 2432 1684 2482; baseline 0.003 -17"><span class='ocrx_word' id='word_1_357' title='bbox 228 2432 336 2467; x_wconf 88' lang='lat' dir='ltr'>locum</span> <span class='ocrx_word' id='word_1_358' title='bbox 360 2434 562 2479; x_wconf 83' lang='lat' dir='ltr'>dictatores,</span> <span class='ocrx_word' id='word_1_359' title='bbox 585 2438 771 2482; x_wconf 87' lang='lat' dir='ltr'>proximum</span> <span class='ocrx_word' id='word_1_360' title='bbox 786 2449 945 2472; x_wconf 85' lang='lat' dir='ltr'>censores</span> <span class='ocrx_word' id='word_1_361' title='bbox 957 2462 967 2480; x_wconf 97' lang='lat'>,</span> <span class='ocrx_word' id='word_1_362' title='bbox 989 2436 1128 2471; x_wconf 85' lang='lat' dir='ltr'>tertium</span> <span class='ocrx_word' id='word_1_363' title='bbox 1141 2434 1298 2478; x_wconf 82' lang='lat' dir='ltr'>magistri</span> <span class='ocrx_word' id='word_1_364' title='bbox 1312 2435 1484 2478; x_wconf 87' lang='lat' dir='ltr'>equitum:</span> <span class='ocrx_word' id='word_1_365' title='bbox 1511 2435 1570 2480; x_wconf 85' lang='lat' dir='ltr'>qui</span> <span class='ocrx_word' id='word_1_366' title='bbox 1586 2436 1684 2478; x_wconf 83' lang='lat' dir='ltr'>ordo,</span> 
     </span>
     <span class='ocr_line' id='line_1_39' title="bbox 230 2478 1683 2525; baseline 0.003 -15"><span class='ocrx_word' id='word_1_367' title='bbox 230 2478 305 2512; x_wconf 88' lang='lat' dir='ltr'>sive</span> <span class='ocrx_word' id='word_1_368' title='bbox 334 2479 368 2512; x_wconf 88' lang='lat' dir='ltr'>in</span> <span class='ocrx_word' id='word_1_369' title='bbox 400 2482 604 2525; x_wconf 76' lang='lat' dir='ltr'>magistratu</span> <span class='ocrx_word' id='word_1_370' title='bbox 629 2487 745 2516; x_wconf 86' lang='lat' dir='ltr'>essent</span> <span class='ocrx_word' id='word_1_371' title='bbox 766 2483 841 2517; x_wconf 87' lang='lat' dir='ltr'>sive</span> <span class='ocrx_word' id='word_1_372' title='bbox 869 2494 909 2517; x_wconf 89' lang='lat' dir='ltr'>eo</span> <span class='ocrx_word' id='word_1_373' title='bbox 935 2482 1122 2523; x_wconf 84' lang='lat' dir='ltr'>abiissent,</span> <span class='ocrx_word' id='word_1_374' title='bbox 1155 2481 1415 2514; x_wconf 81' lang='lat' dir='ltr'>observabatur.</span> <span class='ocrx_word' id='word_1_375' title='bbox 1469 2481 1616 2525; x_wconf 81' lang='lat' dir='ltr'>quodsi</span> <span class='ocrx_word' id='word_1_376' title='bbox 1639 2481 1683 2514; x_wconf 88' lang='lat' dir='ltr'>ad</span> 
     </span>
     <span class='ocr_line' id='line_1_40' title="bbox 229 2522 1681 2573; baseline 0.003 -18"><span class='ocrx_word' id='word_1_377' title='bbox 229 2522 384 2558; x_wconf 82' lang='lat' dir='ltr'>humilius</span> <span class='ocrx_word' id='word_1_378' title='bbox 409 2537 528 2561; x_wconf 89' lang='lat' dir='ltr'>munus</span> <span class='ocrx_word' id='word_1_379' title='bbox 552 2528 823 2571; x_wconf 79' lang='lat' dir='ltr'>descendissent,</span> <span class='ocrx_word' id='word_1_380' title='bbox 847 2528 996 2573; x_wconf 85' lang='lat' dir='ltr'>priorem</span> <span class='ocrx_word' id='word_1_381' title='bbox 1018 2527 1218 2571; x_wconf 86' lang='lat' dir='ltr'>dignitatem</span> <span class='ocrx_word' id='word_1_382' title='bbox 1242 2525 1442 2559; x_wconf 79' lang='lat' dir='ltr'>inviolatam</span> <span class='ocrx_word' id='word_1_383' title='bbox 1466 2526 1681 2560; x_wconf 85' lang='lat' dir='ltr'>obtinebant.</span> 
     </span>
     <span class='ocr_line' id='line_1_41' title="bbox 228 2571 1682 2619; baseline 0.002 -18"><span class='ocrx_word' id='word_1_384' title='bbox 228 2579 314 2602; x_wconf 88' lang='lat' dir='ltr'>unus</span> <span class='ocrx_word' id='word_1_385' title='bbox 338 2571 474 2614; x_wconf 87' lang='lat' dir='ltr'>quidam</span> <span class='ocrx_word' id='word_1_386' title='bbox 498 2574 660 2619; x_wconf 85' lang='lat' dir='ltr'>princeps</span> <span class='ocrx_word' id='word_1_387' title='bbox 685 2580 825 2607; x_wconf 81' lang='lat' dir='ltr'>senatus</span> <span class='ocrx_word' id='word_1_388' title='bbox 853 2586 915 2618; x_wconf 89' lang='lat' dir='ltr'>per</span> <span class='ocrx_word' id='word_1_389' title='bbox 938 2574 975 2607; x_wconf 87' lang='lat' dir='ltr'>id</span> <span class='ocrx_word' id='word_1_390' title='bbox 997 2578 1129 2618; x_wconf 88' lang='lat' dir='ltr'>tempus</span> <span class='ocrx_word' id='word_1_391' title='bbox 1153 2571 1231 2604; x_wconf 90' lang='lat' dir='ltr'>dum</span> <span class='ocrx_word' id='word_1_392' title='bbox 1254 2571 1284 2604; x_wconf 86' lang='lat' dir='ltr'>is</span> <span class='ocrx_word' id='word_1_393' title='bbox 1308 2571 1417 2604; x_wconf 88' lang='lat' dir='ltr'>honos</span> <span class='ocrx_word' id='word_1_394' title='bbox 1439 2571 1587 2605; x_wconf 85' lang='lat' dir='ltr'>durabat</span> <span class='ocrx_word' id='word_1_395' title='bbox 1604 2574 1682 2613; x_wconf 87' lang='lat' dir='ltr'>(ne-</span> 
     </span>
     <span class='ocr_line' id='line_1_42' title="bbox 227 2615 1680 2664; baseline 0.003 -17"><span class='ocrx_word' id='word_1_396' title='bbox 227 2626 293 2658; x_wconf 87' lang='lat' dir='ltr'>que</span> <span class='ocrx_word' id='word_1_397' title='bbox 318 2615 406 2650; x_wconf 86' lang='lat' dir='ltr'>enim</span> <span class='ocrx_word' id='word_1_398' title='bbox 430 2623 617 2663; x_wconf 83' lang='lat' dir='ltr'>perpetuus</span> <span class='ocrx_word' id='word_1_399' title='bbox 643 2621 735 2662; x_wconf 85' lang='lat' dir='ltr'>erat)</span> <span class='ocrx_word' id='word_1_400' title='bbox 768 2620 920 2654; x_wconf 90' lang='lat' dir='ltr'>omnibus</span> <span class='ocrx_word' id='word_1_401' title='bbox 944 2619 1128 2664; x_wconf 83' lang='lat' dir='ltr'>dignitate,</span> <span class='ocrx_word' id='word_1_402' title='bbox 1166 2628 1232 2650; x_wconf 91' lang='lat' dir='ltr'>non</span> <span class='ocrx_word' id='word_1_403' title='bbox 1256 2616 1431 2661; x_wconf 86' lang='lat' dir='ltr'>potentia,</span> <span class='ocrx_word' id='word_1_404' title='bbox 1466 2618 1680 2662; x_wconf 81' lang='lat' dir='ltr'>praestabat.</span> 
     </span>
    </p>

    <p class='ocr_par' dir='ltr' id='par_1_10' title="bbox 224 2661 1681 2800">
     <span class='ocr_line' id='line_1_43' title="bbox 361 2661 1680 2710; baseline 0.001 -15"><span class='ocrx_word' id='word_1_405' title='bbox 361 2662 417 2697; x_wconf 80' lang='lat'>20.</span> <span class='ocrx_word' id='word_1_406' title='bbox 465 2665 519 2698; x_wconf 92' lang='lat' dir='ltr'>Ad</span> <span class='ocrx_word' id='word_1_407' title='bbox 554 2665 643 2699; x_wconf 87' lang='lat' dir='ltr'>huno</span> <span class='ocrx_word' id='word_1_408' title='bbox 675 2664 806 2698; x_wconf 87' lang='lat' dir='ltr'>modum</span> <span class='ocrx_word' id='word_1_409' title='bbox 835 2677 921 2710; x_wconf 89' lang='lat' dir='ltr'>pace</span> <span class='ocrx_word' id='word_1_410' title='bbox 957 2665 1001 2698; x_wconf 89' lang='lat' dir='ltr'>ad</span> <span class='ocrx_word' id='word_1_411' title='bbox 1035 2668 1168 2708; x_wconf 89' lang='lat' dir='ltr'>tempus</span> <span class='ocrx_word' id='word_1_412' title='bbox 1201 2662 1290 2695; x_wconf 87' lang='lat' dir='ltr'>domi</span> <span class='ocrx_word' id='word_1_413' title='bbox 1316 2667 1350 2696; x_wconf 87' lang='lat' dir='ltr'>et</span> <span class='ocrx_word' id='word_1_414' title='bbox 1373 2661 1458 2695; x_wconf 79' lang='lat' dir='ltr'>foris</span> <span class='ocrx_word' id='word_1_415' title='bbox 1481 2662 1680 2705; x_wconf 79' lang='lat' dir='ltr'>constituta,</span> 
     </span>
     <span class='ocr_line' id='line_1_44' title="bbox 226 2707 1680 2756; baseline 0.002 -18"><span class='ocrx_word' id='word_1_416' title='bbox 226 2711 324 2740; x_wconf 81' lang='lat' dir='ltr'>tanta</span> <span class='ocrx_word' id='word_1_417' title='bbox 347 2707 454 2742; x_wconf 84' lang='lat' dir='ltr'>sames</span> <span class='ocrx_word' id='word_1_418' title='bbox 478 2711 597 2745; x_wconf 84' lang='lat' dir='ltr'>urbem</span> <span class='ocrx_word' id='word_1_419' title='bbox 619 2710 813 2756; x_wconf 81' lang='lat' dir='ltr'>oppressit,</span> <span class='ocrx_word' id='word_1_420' title='bbox 845 2714 884 2744; x_wconf 88' lang='lat' dir='ltr'>ut</span> <span class='ocrx_word' id='word_1_421' title='bbox 907 2710 1044 2755; x_wconf 85' lang='lat' dir='ltr'>quidam</span> <span class='ocrx_word' id='word_1_422' title='bbox 1063 2708 1211 2743; x_wconf 82' lang='lat' dir='ltr'>inediam</span> <span class='ocrx_word' id='word_1_423' title='bbox 1235 2718 1300 2740; x_wconf 91' lang='lat' dir='ltr'>non</span> <span class='ocrx_word' id='word_1_424' title='bbox 1323 2709 1474 2741; x_wconf 85' lang='lat' dir='ltr'>ferentes</span> <span class='ocrx_word' id='word_1_425' title='bbox 1496 2707 1531 2740; x_wconf 89' lang='lat' dir='ltr'>in</span> <span class='ocrx_word' id='word_1_426' title='bbox 1557 2708 1680 2742; x_wconf 81' lang='lat' dir='ltr'>flumen</span> 
     </span>
     <span class='ocr_line' id='line_1_45' title="bbox 224 2753 1681 2800; baseline 0.001 -15"><span class='ocrx_word' id='word_1_427' title='bbox 224 2762 260 2784; x_wconf 84' lang='lat' dir='ltr'>se</span> <span class='ocrx_word' id='word_1_428' title='bbox 284 2753 566 2798; x_wconf 87' lang='lat' dir='ltr'>praecipitarent.</span> <span class='ocrx_word' id='word_1_429' title='bbox 618 2756 706 2790; x_wconf 88' lang='lat' dir='ltr'>unde</span> <span class='ocrx_word' id='word_1_430' title='bbox 739 2759 814 2790; x_wconf 89' lang='lat' dir='ltr'>orta</span> <span class='ocrx_word' id='word_1_431' title='bbox 847 2756 1019 2791; x_wconf 88' lang='lat' dir='ltr'>seditione</span> <span class='ocrx_word' id='word_1_432' title='bbox 1040 2764 1210 2800; x_wconf 85' lang='lat' dir='ltr'>pauperes</span> <span class='ocrx_word' id='word_1_433' title='bbox 1234 2753 1399 2787; x_wconf 80' lang='lat' dir='ltr'>divitibus</span> <span class='ocrx_word' id='word_1_434' title='bbox 1422 2763 1578 2786; x_wconf 83' lang='lat' dir='ltr'>annonae</span> <span class='ocrx_word' id='word_1_435' title='bbox 1599 2765 1681 2798; x_wconf 84' lang='lat' dir='ltr'>sup-</span> 
     </span>
    </p>

    <p class='ocr_par' dir='ltr' id='par_1_11' title="bbox 973 2803 980 2815">
     <span class='ocr_line' id='line_1_46' title="bbox 973 2803 980 2815; baseline 0 0"><span class='ocrx_word' id='word_1_436' title='bbox 973 2803 980 2815; x_wconf 69' lang='lat'>0</span> 
     </span>
    </p>
   </div>
  </div>
 </body>
</html>
