1832 3126
180 90 211 133 6
651 93 877 138 IOANNIS
905 88 1174 137 ZONARAE‘

181 209 284 247 σθαι
315 203 463 259 ταύτην
486 205 690 261 ἠθέλησαν
720 209 786 250 καὶ
820 206 870 249 τὰ
889 203 1096 263 χρήματα.
1164 209 1235 247 τοῦ
1260 204 1470 258 Ἀμουλίου
1506 204 1638 247 τοίνυν

181 273 265 332 ἰδία
294 274 366 327 μὲν
398 274 454 321 τὰ,
479 272 670 330 χρίματα
704 275 847 324 θέντος
878 276 962 334 ῗδία
992 275 1040 317 δέ
1065 291 1108 330 γε
1142 274 1215 328 τὴν
1235 274 1464 327 βασιλείαν,
1496 274 1563 315 καὶ
1594 275 1636 324 ἐξ

131 355 159 389 Β
184 341 337 397 ἄμφοΐν
359 341 427 384 τὸν
449 342 626 401 ἀδελφὸν
647 343 980 401 προτρεψαμένου
1003 341 1027 384 ὃ
1042 341 1143 399 πρὸς
1162 345 1313 397 βουλῆς
1330 339 1439 399 αύτῷ
1455 339 1637 391 ἐπιλέξα-

182 413 308 461 σθαι,
353 411 426 464 τὴν
457 412 663 463 βασιλείαν
696 413 817 454 εἵλετο
851 409 872 453 ὅ
909 412 1101 468 Νομίτωρ
1111 441 1125 462 ,
1172 409 1242 453 ἅτε
1273 410 1340 451 καὶ
1371 406 1640 467 πρεσβύτερος

183 475 379 534 ἀδελφός·
415 479 553 532 λαβὼν
587 481 631 522 δὲ
661 479 710 523 τὰ
740 478 933 537 χρήματα
965 477 986 521 ὃ
1015 476 1258 533 Ἀμούλιος,
1299 478 1366 519 καὶ
1401 474 1568 532 δύναμιν
1588 476 1674 519 *3225

183 543 336 588 τούτων
358 545 708 603 περιβαλλόμενος,
743 549 811 591 καὶ
841 547 914 602 τὴν
934 548 1144 600 βασιλείαν
1167 546 1366 603 ἀφείλετο.
1431 543 1641 602 θυγατρὸς

185 614 229 655 δὲ
258 618 317 671 τῷ
348 616 548 672 Νομίτορι
580 615 704 671 οὔσης
716 647 730 668 ,
763 615 906 666 δεδιώς
926 615 983 671 μὴ
1007 617 1147 665 παῖδες
1169 616 1212 665 ἐξ
1235 613 1360 667 αὐτῆς
1380 612 1552 668 γένοιντο
1575 614 1645 655 καὶ

185 684 513 732 κατεξανασταῖεν
537 683 674 736 αὐτοῦ,
709 685 853 741 ἱέρειαν
870 687 943 738 τῆς
958 681 1118 734 Ἑστίας
1137 683 1285 737 ἐκείνην
1303 681 1518 734 ἀπέδειξεν,
1541 678 1646 736 ἄγα-

185 766 262 804 μον
286 750 354 792 διὰ
376 755 494 793 τοῦτο
517 753 583 793 καὶ
607 753 810 810 παρθένον
840 751 907 794 διὰ
936 753 1028 805 βίου
1059 752 1286 806 μέλλουσαν
1307 748 1488 792 ἔσεσθαι.
1549 746 1578 803 ἦ
1601 747 1646 790 δὲ

186 815 338 861 κύουσα
372 817 571 876 ἐφωράθη
603 820 810 874 μετέπειτα
842 818 921 863 ὑπὸ
943 819 1083 877 Ἄρεος
1114 818 1169 870 ὥς
1190 815 1435 874 μυθεύεται,
1466 815 1640 860 ὕπ’,ἆν-
1655 820 1702 856 10

187 883 367 943 θρώπων
401 887 444 928 δὲ
475 885 633 937 πάντως
664 886 782 937 τινός.
852 888 995 943 εἵρχθη
1019 882 1089 929 οὖν
1113 887 1183 929 διὰ
1203 891 1322 930 τοῦτο
1341 887 1410 929 ‘iva
1441 884 1499 940 μὴ
1533 882 1646 941 λάθῃ

189 957 372 995 τεκοῦσα.
410 955 474 994 καὶ
492 953 594 996 ἔτεκε
612 951 805 1007 διδύμους
819 955 967 1003 παῖδας
981 952 1179 1008 μεγάλους
1193 971 1236 996 τε
1252 956 1319 996 καὶ
1335 951 1495 1004 καλούς.
1539 955 1646 1007 μᾶλ-

192 1025 260 1063 λον
291 1021 334 1062 δὲ
367 1022 565 1076 φοβηθεὶς
587 1019 609 1063 ὃ
627 1020 837 1076 Ἀμούλιος
859 1021 1037 1064 ἐκέλευσε
1059 1021 1108 1063 τὰ
1132 1021 1266 1078 βρέφη
1289 1020 1468 1077 ῥιφῆναι.
1535 1021 1604 1063 καὶ
1624 1017 1648 1062 ὃ

191 1091 318 1131 ταῦτα
340 1088 476 1141 λαβὼν
499 1087 637 1146 σκάφῃ
661 1090 871 1144 ἐνθέμενος
893 1088 1083 1143 ε’μβάλλει
1105 1093 1162 1147 τῷ
1183 1093 1354 1146 ποταμῷ
1375 1092 1435 1147 τῷ
1453 1087 1651 1144 Τιβέριδι.

138 1175 167 1208 0
190 1160 429 1212 παρασῦραν
462 1157 514 1198 δὲ
536 1158 607 1212 τὴν
640 1156 800 1216 σκάφην
830 1158 876 1200 τὸ
908 1157 1036 1215 ῥεῦμα
1067 1156 1123 1207 εἴς
1154 1174 1243 1199 τινα
1269 1161 1406 1213 χῶρον
1437 1154 1705 1211 κατήνεγκεΙὸ

194 1222 432 1277 μαλθακόν·
457 1224 558 1267 ἔνθα
580 1227 772 1279 κειμένοις
793 1233 876 1276 τοῖς
897 1226 1066 1283 βρέφεσι
1087 1223 1277 1268 λύκαιναν
1291 1225 1494 1281 ἱστοροῦσι
1507 1239 1652 1281 προσι-

196 1296 320 1335 οῦσαν
349 1293 481 1347 θηλὴν
515 1294 698 1350 παρέχειν
732 1293 892 1346 αὐτοῖς,
921 1295 988 1336 καὶ
1012 1293 1122 1349 ι’)’ρνιν
1144 1290 1446 1350 δρυοκολάπτην
1467 1297 1652 1348 παρεῖναι

195 1364 324 1402 ταῦτα
354 1363 589 1414 ψωμίζοντα
620 1364 684 1404 καὶ
718 1361 985 1420 φυλάττοντα.
1065 1362 1149 1404 ἓκεῖ
1174 1363 1217 1404 δὲ
1249 1362 1407 1415 κείμενα
1437 1361 1488 1402 τὰ
1518 1360 1652 1417 βρέφη
1814 1385 1821 1417 4

198 1428 340 1470 λαθὼν
363 1428 545 1485 ἀφείλετό
569 1447 628 1480 τις
642 1430 852 1484 Ἀμουλίου
866 1428 1098 1487 συοφορβὸς
1113 1431 1376 1479 Φαυστοῦλος
1388 1426 1653 1482 καλούμενοςῗ
1814 1397 1832 1764 ¹

1825 1879 1832 1899 l

199 1498 264 1537 καὶ
297 1496 408 1554 παρὰ
438 1502 508 1551 τῆς
537 1498 685 1540 ἐκείνου
717 1497 949 1556 ἐτράφησαν
970 1495 1175 1554 γυναικός,
1212 1492 1240 1554 ᾗ
1262 1497 1389 1551 ὄνομα
1418 1496 1711 1554 ΛαρεντίαἺο

201 1566 266 1605 καὶ
298 1562 317 1606 ὃ
350 1565 422 1617 μὲν
446 1563 658 1620 εΡωμύλος
691 1563 712 1608 ὃ
748 1567 790 1609 δ’
828 1568 958 1623 ἕτερος
984 1565 1146 1620 ζΡῶμος
1176 1564 1419 1621 ἐκλήθησαν.
1486 1565 1589 1614 τινὲς
1611 1564 1656 1606 δὲ

201 1631 258 1685 μὴ
281 1630 470 1675 λύκαιναν
504 1632 604 1676 εἶναι’
623 1651 724 1691 φασι
746 1635 818 1690 τὴν
840 1639 919 1678 τῶν
941 1636 1095 1677 παίδων
1116 1632 1288 1691 τροφόν,
1333 1633 1355 1676 ὃ
1379 1635 1445 1676 καὶ
1468 1630 1655 1676 πιθανώ-

201 1716 318 1756 τερον
339 1699 366 1754 ἢ
390 1700 660 1759 ἀληθέστερον
682 1701 884 1757 μάλιστα,
932 1702 1059 1759 ἀρχὴν
1081 1703 1126 1745 δέ
1147 1702 1216 1745 τὸν
1239 1700 1356 1758 λόγον
1378 1700 1483 1744 οὕτω
1506 1705 1656 1755 λαβεῖν.

204 1766 355 1818 λούπας
379 1774 543 1813 καλοῦσι
561 1769 757 1824 εΡωμαῖοι
787 1770 860 1822 τάς
880 1788 923 1813 τε
946 1771 1134 1821 λυκαίνας
1157 1772 1223 1813 καὶ
1246 1769 1319 1820 τὰς
1342 1768 1522 1827 ἑταίρας·
1555 1785 1657 1824 πορ-

297 1898 318 1931 1
345 1895 407 1930 καὶ
428 1894 498 1940 τοὶ]
521 1895 616 1933 κατὰ
639 1899 728 1934 BW.
910 1901 933 1934 2
955 1897 1019 1933 καὶ
1043 1910 1097 1933 om
1117 1899 1161 1934 A.
1334 1899 1380 1934 13
1403 1893 1467 1941 δὲ]
1492 1889 1561 1931 οὖν
1582 1896 1656 1931 ΑΒ.

298 1941 344 1976 14
367 1943 419 1986 τῷ
440 1943 522 1985 AB,
546 1939 586 1978 ἐν
607 1945 660 1990 τῷ
679 1945 770 1979 PW.
947 1946 991 1979 19
1013 1943 1234 1989 φαιστοῦλος
1255 1942 1329 1987 ΑΒ,
1358 1943 1465 1977 etiam
1486 1942 1561 1988 p.8
1582 1954 1620 1977 v.
1634 1941 1658 1976 3

300 1991 338 2021 et
361 1989 424 2031 12,
460 1989 521 2022 sed
546 1987 782 2033 φαυστούλου
803 2002 838 2036 p.
866 1991 911 2025 10
938 2002 972 2027 v.
998 1992 1055 2026 10.
1083 1988 1265 2024 Plutarchi
1288 1989 1426 2023 codices
1448 1984 1657 2032 φαιστύλος.

296 2034 343 2067 20
365 2035 559 2077 λαυρεντίοι
576 2035 619 2079 Β,
643 2036 703 2081 qui
725 2047 803 2070 mox
823 2035 1004 2080 λαρεντία.
1096 2035 1142 2070 22
1165 2033 1233 2079 τὴν
1255 2035 1328 2069 τῶν
1351 2033 1495 2068 παίδων
1509 2030 1600 2078 φασὶ
1615 2034 1658 2067 Α.

207 2145 402 2179 voluerunt.
445 2145 597 2180 Amulius
611 2147 721 2192 igitur
735 2159 843 2193 regno
858 2148 1001 2182 seorsim
1017 2147 1129 2192 posito
1145 2158 1187 2181 ac
1201 2147 1347 2192 pecunia
1362 2145 1492 2190 itidem,
1520 2145 1661 2191 optione

207 2191 310 2224 fratri
333 2190 475 2224 alterius
499 2192 611 2226 utrius
635 2193 727 2236 data,
755 2206 828 2228 cum
842 2194 1004 2228 Numitor
1028 2198 1065 2227 ut
1087 2198 1171 2227 natu
1194 2193 1300 2226 maior
1323 2202 1467 2236 regnum
1489 2191 1665 2236 elegisset,

209 2235 285 2280 ipse
308 2236 454 2281 pecunia
477 2243 621 2282 accepta
642 2241 919 2285 comparatisque
941 2239 1051 2285 copiis
1073 2238 1178 2272 etiam
1200 2250 1343 2283 regnum
1364 2237 1434 2271 sibi
1457 2237 1660 2274 vindicavit.

213 2282 403 2315 Numitoris
426 2282 539 2326 filiae,
571 2283 702 2317 veritus
729 2297 772 2318 ne
800 2297 842 2318 ex
867 2297 909 2319 ea
931 2285 1003 2319 nati
1025 2284 1089 2318 filii
1110 2288 1231 2318 contra
1253 2295 1291 2318 se
1314 2284 1554 2328 insurgerent,
1586 2293 1662 2318 cum

214 2338 288 2360 eam
321 2328 491 2362 Vestalem
521 2329 681 2374 legisset,
713 2335 885 2376 perpetua
915 2330 1120 2376 virginitate
1149 2341 1244 2375 spem
1267 2334 1389 2375 partus
1415 2327 1547 2363 adimit.
1599 2328 1662 2363 sed

212 2377 294 2417 post
317 2385 514 2419 compressa
537 2387 558 2409 a
580 2375 714 2419 Marte,
738 2381 779 2410 ut
793 2378 1004 2420 fabulantur,
1028 2376 1071 2409 ab
1095 2376 1230 2410 homine
1252 2375 1375 2420 utique
1397 2375 1530 2420 aliquo,
1566 2377 1603 2409 et
1624 2374 1662 2408 in

215 2420 403 2454 custodiam
436 2421 519 2454 data
553 2432 595 2454 ne
627 2422 732 2455 fetum
765 2422 850 2456 clam
883 2423 1024 2464 ederet,
1059 2422 1220 2466 gemellos
1250 2432 1392 2465 magnos
1426 2426 1464 2455 et
1486 2420 1662 2465 elegantes

214 2465 363 2510 peperit.
408 2477 477 2510 qua
509 2478 546 2500 re
578 2467 686 2510 magis
716 2468 861 2501 territus
893 2467 1045 2502 Amulius
1076 2468 1226 2501 infantes
1259 2467 1386 2512 exponi
1414 2465 1528 2502 iussit.
1576 2476 1662 2511 quos

215 2512 370 2547 minister
393 2512 490 2546 alveo
514 2513 694 2558 impositos
716 2513 753 2546 in
766 2513 921 2547 Tiberim
943 2513 1086 2548 fluvium
1107 2513 1240 2547 abiicit.
1287 2513 1349 2546 sed
1372 2513 1471 2546 alveo
1494 2512 1531 2546 in
1553 2511 1663 2545 locum

215 2557 346 2591 mollem
379 2558 492 2592 delato
522 2559 632 2604 lupam
667 2559 785 2592 ferunt
816 2559 1005 2594 infantibus
1037 2570 1194 2592 mammas
1228 2559 1454 2605 praebuisse,
1486 2561 1523 2591 et
1548 2557 1665 2602 picum

215 2604 377 2637 Martium
406 2605 578 2638 custodem
609 2605 815 2647 accessisse,
848 2606 906 2649 qui
937 2606 986 2639 eis
1009 2605 1105 2638 bolos
1125 2605 1163 2638 in
1187 2616 1248 2638 ora
1270 2602 1464 2649 ingesserit.
1511 2603 1662 2637 infantes

215 2648 286 2682 illic
309 2649 396 2683 sitos
420 2651 605 2685 Faustulus
628 2650 754 2684 Amulii
777 2652 936 2685 subulcus
963 2651 1048 2684 clam
1071 2650 1223 2684 sublatos
1247 2650 1345 2684 uxori
1368 2650 1555 2684 Larentiae
1577 2648 1662 2682 edu-

216 2695 344 2728 candos
368 2696 485 2737 dedit3
509 2697 720 2741 alterumque
742 2696 930 2742 Romulum,
953 2697 1096 2731 alterum
1118 2697 1259 2730 Remum
1285 2695 1483 2741 appellavit.
1527 2693 1663 2740 quidam

218 2746 381 2775 asserunt
413 2742 534 2787 (idque
569 2742 781 2787 probabilius
818 2747 922 2788 atque
956 2743 1040 2777 adeo
1071 2743 1188 2777 verius
1222 2742 1291 2786 est)
1321 2753 1387 2776 non
1410 2743 1523 2787 lupam
1545 2750 1663 2775 corum
