1794 3120
609 101 891 155 ‘ANNA'LIUM
914 109 1001 154 v11
1023 112 1063 155 5.
1505 112 1567 159 19

52 239 54 242 ’
104 224 210 270 κατὰ
230 223 279 269 τὸ
302 222 390 268 ἴσον
411 220 583 268 ἑκάστου
605 225 672 266 καὶ
695 224 798 280 πρὸς
817 224 914 275 τοὺς
934 223 1134 281 ἄρχοντας
1154 228 1287 275 καλῶς
1309 225 1410 280 ἔχειν
1441 225 1568 272 ἐδόκει

102 295 172 339 καὶ
193 292 296 351 πρὸς
316 291 411 343 τοῦς
434 292 680 350 ἀρχομένους
702 291 869 344 αὐτούς·
906 291 1052 351 ἀφῄρει
1074 291 1153 349 γὰρ
1174 292 1245 335 τὸν
1268 294 1427 350 φθόνον
1448 295 1475 351 ἡ
1492 314 1567 340 τα-

52 365 53 370 ’
97 363 218 418 χίοτη
231 365 314 418 τῆς
336 362 519 412 ἐξουσίας
541 360 752 414 ἀπόθεσις,
786 359 972 418 ὁρώντων
996 365 1077 404 τῶν
1096 361 1326 419 ἀρχομένων
1347 368 1419 418 τῆς
1442 365 1569 422 αὐτῆς

100 428 266 488 ἡμέρας·
286 447 330 473 τε
361 432 428 473 καὶ
459 428 601 480 νυκτὸς
627 430 699 474 τὸν
730 429 854 472 αὗτὸν
877 428 1040 485 ἰδιώτην
1062 430 1106 473 ἐκ
1127 430 1327 484 βασιλέως
1348 430 1565 487 γινόμενον.
1587 441 1617 477 Β

67 497 196 543 ὅοῗδα
228 499 301 554 μὲν
334 493 405 542 οὗν
440 500 506 541 καὶ
537 497 652 556 ἕτεροί
684 516 774 542 τινα
795 499 885 556 περὶ
909 502 981 554 τῆς
1001 496 1191 554 τοιαύτης
1213 500 1400 557 εἰρημένα
1424 501 1566 557 ἀρχῆς,

19 556 50 566 ‘⁷
101 567 197 611 ἀλλ’
235 566 358 618 αὐτὸς
391 571 450 625 τῷ
482 567 748 626 πιθανωτέρῳ
781 567 948 623 ἐθέμην.
1019 566 1065 610 τὸ
1089 568 1134 610 δὲ
1155 571 1293 623 σχῆμα
1330 573 1403 625 τῆς
1438 570 1566 628 ἀρχῆς

97 639 218 680 τοῦτο
239 636 527 691 μεσοβασιλεία
549 641 632 687 τοῖς
647 633 870 691 ζΡωμαιόις
893 634 1119 691 ὠνόμαστο.

169 728 171 730 -
227 704 351 747 Ἀλλὰ
383 706 451 747 καὶ
487 703 614 755 οὕτως
636 705 679 755 ἐξ
701 702 891 755 ὑπονοίας
913 703 1083 763 ἐφύοντο
1108 701 1305 762 θόρυβοι,
1339 704 1564 749 ὑποπτευο-

95 772 227 826 μένων
247 776 328 816 τῶν
352 773 570 830 πατρικίων
602 775 659 822 εἷς
690 772 923 830 ὀλιγαρχίαν
945 773 1020 828 τὴν
1043 775 1243 816 πολιτείαν
1265 780 1473 831 περιιστιῖν
1495 776 1562 817 καὶ

17 868 23 880 ι
60 840 156 896 70μῆ
175 838 402 896 βούλεσθαι
421 838 736 895 βασιλεύεσθαι·
771 842 813 884 ἐκ
837 842 882 883 δὲ
903 840 1049 885 τούτου
1071 844 1393 894 κατεστασίαζον.
1464 841 1564 897 ὅμο-

94 907 324 965 νοησᾶντων
356 909 401 952 δὲ
433 907 594 953 πάντων
626 897 839 967 αἱρεθῆναι
870 910 940 952 τὸν
969 908 1287 964 βασιλεύσοντα,
1324 912 1361 954 οἷ
1392 914 1562 964 Σαβῖνοι

92 984 178 1029 τοΐς
203 975 426 1034 Ῥωμαίοις
456 979 666 1036 προτέροις
696 978 769 1033 τὴν
795 979 948 1035 αἵρεσιν
971 977 1139 1021 ἔδοσαν·
1176 979 1214 1021 οἱ
1237 979 1280 1021 δ’
1308 981 1351 1022 ἐκ
1375 982 1561 1033 Σαβίνων

93 1047 244 1090 εἵλοντο
269 1051 418 1101 Νομᾶν
439 1047 684 1101 Πομπίλιον,
708 1045 838 1102 ἄνδρα
860 1044 1061 1103 γνώριμον
1079 1045 1174 1089 ὄντα
1193 1051 1291 1090 πᾶσι
1310 1047 1368 1090 δι’
1397 1046 1558 1104 ἀρετήν.

93 1115 321 1159 στέλλονται
343 1119 440 1171 γοῦν
461 1113 563 1172 πρὸς
584 1114 730 1156 ἐκεῖνον
751 1115 795 1156 ἐκ
811 1111 977 1169 ςΡώμης
1009 1115 1215 1171 πρέσβεις·
1271 1115 1318 1157 οὗ
1341 1116 1420 1173 γὰρ
1445 1117 1486 1158 ἐν
1508 1121 1559 1173 τῇ
1582 1123 1613 1158 C

36 1180 234 1242 15‘Puiptn
253 1181 488 1241 μετῴκιστο,
512 1181 608 1226 ἀλλ’
634 1183 676 1224 ἓν
699 1182 891 1237 Σαβίνοις
911 1178 960 1238 ἦν
983 1184 1050 1226 καὶ
1074 1181 1190 1226 πόλιν
1212 1182 1306 1242 ᾤκει
1329 1183 1402 1239 τὴν
1426 1186 1558 1241 Κυρι-

91 1257 195 1304 τῶν,
229 1251 382 1310 πατρὸς
416 1249 472 1294 ὢν
505 1252 756 1306 Πομπωνίου
790 1251 939 1309 ἀνδρὸς
970 1252 1205 1307 εὐδοκίμου,
1241 1257 1375 1295 πᾶσαν
1410 1254 1557 1310 ἀρετὴν

91 1319 211 1378 φύσει
243 1337 285 1364 τε
318 1321 386 1364 καὶ
418 1321 578 1380 παιδεία
608 1320 883 1375 ἐξησκημένος.
961 1319 1060 1364 ὅθεν
1093 1323 1158 1363 καὶ
1193 1319 1322 1376 ὄνομα
1354 1322 1457 1377 μέγα
1489 1324 1557 1364 καὶ

90 1386 214 1441 δόξαν
246 1387 369 1444 εἶχεν,
404 1387 460 1440 ὥς
493 1390 559 1432 καὶ
595 1387 746 1432 Τάτιον
777 1389 846 1431 τὸν
877 1393 935 1448 τῷ
952 1387 1152 1448 Ῥωμύλῳ
1176 1389 1557 1444 συμβασιλεύσαντα

0 1452 1 1542 γ
89 1458 298 1514 κηδεστὴν»
317 1458 441 1501 αὐτὸν
471 1459 534 1501 ἐπὶ
560 1459 693 1518 Τατίᾳ
715 1458 871 1501 θέσθαι
904 1462 957 1516 τῇ
987 1460 1185 1517 θυγατρί,
1219 1458 1270 1514 ἢν
1291 1460 1389 1513 μίαν
1411 1460 1558 1510 ἐκεῖνος

0 1552 1 1578 1
23 1535 81 1578 {ao
91 1525 264 1583 ἐγείνατο
278 1540 290 1552 ·
321 1525 351 1582 ἢ
373 1527 470 1570 δέκα
492 1529 555 1571 ἐπὶ
577 1528 707 1584 τρισὶν
729 1527 935 1578 ἐνιαυτοὺς
956 1531 1015 1586 τῷ
1036 1531 1163 1587 Νομᾷ
1187 1527 1461 1583 συνοικήσασα
1484 1546 1557 1583 με-

86 1593 255 1651 τήλλαξε
277 1595 351 1652 τὴν
374 1593 489 1650 ζωήν.
556 1592 578 1638 ὃ
605 1596 649 1638 δὲ
670 1599 818 1650 Νομᾶς
840 1596 1029 1639 ἐκλείπων
1045 1597 1118 1647 τὰς
1141 1597 1182 1639 ἓν
1201 1595 1311 1640 ἄστει
1330 1595 1556 1654 διατριβάς,

31 1655 36 1670 ²
86 1662 301 1723 ἃγραυλεῖν
324 1664 373 1709 τὰ
397 1663 528 1708 πολλὰ
551 1665 618 1707 καὶ
641 1665 859 1723 διατρίβειν
881 1664 1029 1721 ἤθελεν
1051 1666 1092 1708 ἐν
1110 1669 1276 1719 λειμῶσι
1294 1668 1360 1708 καὶ
1379 1666 1555 1710 ἄλσεσιν.

176 1773 198 1808 1
213 1768 332 1818 κατὰ]
355 1769 419 1807 καὶ
440 1771 485 1807 A.
615 1770 637 1805 5
662 1766 751 1806 οἴδα
774 1790 819 1796 -
843 1772 866 1808 6
889 1766 1029 1818 ἐθέμην
1058 1771 1238 1807 Plutarchi
1267 1772 1388 1807 verbis
1419 1772 1555 1809 addita.

177 1820 202 1855 7
223 1821 304 1858 τοῖς
325 1830 378 1854 om
401 1818 475 1853 AB.
569 1818 614 1853 ll
639 1814 880 1864 βασιλεύοντα
902 1818 947 1852 A.
1049 1817 1094 1852 13
1118 1813 1211 1853 ὄντα
1233 1813 1357 1863 ἄνδρα
1379 1819 1489 1864 γνώρ.
1510 1820 1555 1853 Α.

175 1860 411 1945 ἶῐίὶῗυὲτέὶζὴῒξ,
433 1863 508 1898 τῶν
529 1863 622 1899 PW.'
761 1863 804 1900 17
830 1862 895 1899 καὶ
916 1864 1062 1900 tertium
1089 1876 1143 1900 om
1165 1865 1207 1899 Β.
1329 1865 1373 1899 21
1399 1860 1557 1900 ἐκλιπὼν

83 2000 183 2036 butio
214 2004 363 2047 propter
393 1998 675 2046 aequabilitatem
708 2003 742 2034 et
764 1999 851 2046 ipsis
882 2000 1143 2046 magistratibus
1168 2005 1205 2035 et
1226 2001 1354 2046 populo
1378 2002 1554 2037 commoda

81 2046 286 2088 videbatur3
318 2051 355 2080 et
385 2046 586 2080 celerrimus
619 2045 825 2090 magistratu
856 2046 972 2080 abitus
1004 2046 1159 2081 invidiae
1192 2047 1364 2082 minimum
1386 2047 1553 2092 habebat,

82 2103 158 2127 cum
188 2092 320 2127 subditi
351 2092 496 2127 eundem
533 2092 653 2126 eodem
687 2092 745 2126 die
777 2092 964 2138 eademque
993 2098 1097 2127 nocte
1120 2097 1157 2126 et
1179 2105 1297 2139 regem
1319 2098 1356 2128 et
1378 2094 1553 2139 privatum

81 2142 280 2174 cernerent.
326 2138 418 2174 haud
440 2149 504 2173 nos
553 2138 712 2182 taeter-it,
735 2138 779 2172 de
801 2138 867 2172 hac
890 2139 1027 2183 imperii
1051 2139 1180 2182 forma,
1203 2151 1293 2185 quae
1317 2140 1552 2185 interregnum

78 2184 246 2220 Romanis
267 2184 470 2228 dicebatur,
506 2184 573 2219 a‘a
596 2195 736 2229 quoque
759 2183 890 2219 iactata
913 2196 1008 2219 esse:
1041 2197 1106 2231 ego
1138 2197 1224 2220 vero
1249 2197 1291 2220 ea
1314 2196 1387 2221 sum
1411 2189 1555 2221 secutus

79 2241 170 2277 quae
193 2230 273 2265 mihi
295 2231 532 2277 probabiliora
555 2230 782 2265 videbantur.

170 2277 400 2313 Nihilominus
431 2282 547 2312 tamen
579 2287 637 2311 res
659 2276 794 2311 invidia
818 2276 982 2310 turbatae
1005 2278 1108 2321 sunt,
1137 2287 1212 2311 cum
1234 2277 1402 2323 patricios
1425 2289 1552 2322 pauco-

78 2333 155 2358 rum
179 2323 326 2358 arbitrio
351 2336 423 2359 rem
445 2324 620 2370 publicam
642 2322 824 2365 subiicere,
849 2322 950 2356 unius
970 2333 1113 2368 regnum
1137 2324 1317 2369 aspernari
1334 2324 1554 2369 suspicaren-

77 2373 149 2405 tur.
195 2369 257 2404 sed
279 2370 427 2405 tumultu
451 2369 573 2404 sedato
598 2379 674 2403 cum
698 2381 814 2403 omnes
838 2379 955 2413 regem
979 2369 1163 2403 creandum
1188 2381 1264 2404 esse
1280 2370 1551 2413 consensissent,

77 2427 122 2450 ao
147 2415 272 2450 Sabini
302 2417 378 2451 eius
408 2415 559 2461 eligendi
588 2419 801 2460 potestatem
828 2413 994 2448 Romanis
1017 2414 1246 2460 detulissent,
1278 2416 1427 2451 Numam
1449 2417 1552 2450 Pom-

75 2461 208 2508 pilium,
231 2462 329 2497 cuius
352 2462 471 2498 inclita
494 2463 607 2496 virtus
633 2462 724 2507 apud
749 2472 864 2495 omnes
890 2464 978 2504 erat,
1005 2461 1149 2496 electum
1174 2474 1235 2508 per
1251 2461 1385 2506 legatos
1402 2462 1551 2497 arcessi-

74 2513 215 2543 verunt.
239 2519 352 2554 neque
365 2508 607 2549 enimRomam
626 2508 948 2552 transmigraverat,
961 2507 1022 2541 sed
1032 2507 1186 2542 Curibus
1198 2509 1338 2542 Sabinis
1357 2508 1550 2551 habitabat,

74 2557 179 2599 patre
212 2560 314 2589 natus
339 2555 529 2600 Pomponio
590 2554 714 2588 robato
739 2554 836 2596 viro,
873 2552 965 2586 omni
987 2565 1116 2599 genere
1142 2554 1281 2588 virtutis
1307 2559 1344 2588 et
1367 2560 1489 2588 natura
1513 2559 1551 2588 et

75 2599 262 2645 disciplina
286 2602 458 2636 excultus.
505 2611 551 2635 un
579 2612 597 2634 e
619 2604 752 2634 tantum
777 2610 898 2634 nomen
923 2602 961 2632 et
983 2600 1127 2645 gloriam
1151 2606 1357 2634 consecutus
1381 2600 1472 2644 fuit,
1508 2606 1550 2635 ut

76 2642 206 2681 Tatius
226 2646 362 2682 Romuli
385 2647 478 2692 regis
502 2647 634 2692 collega
659 2646 800 2681 Tutiam
826 2646 858 2678 ei
882 2644 986 2679 filiam
1009 2646 1144 2680 unicam
1168 2647 1421 2691 desponderet:
1459 2658 1548 2692 quae

75 2700 153 2726 cum
183 2691 217 2726 ei
250 2704 358 2728 annos
391 2693 436 2728 13
467 2698 576 2739 nupta
605 2692 752 2735 suisset,
787 2692 894 2726 vitam
918 2702 992 2726 cum
1015 2697 1127 2727 morte
1151 2692 1384 2727 commutavit.
1432 2693 1548 2727 Numa

74 2747 171 2817 ἶῗοι
194 2738 318 2774 relicta
349 2741 482 2776 urbana
518 2739 591 2774 vita
620 2739 695 2773 ruri
722 2739 925 2784 plerumque
954 2737 991 2772 iu
1014 2739 1126 2784 pratis
1149 2743 1187 2774 et
1208 2739 1298 2773 lucis
1321 2739 1452 2784 degere
1475 2750 1546 2774 ma-

87 2793 107 2816 e
133 2793 153 2818 a
173 2806 183 2817 .
