1820 3120
222 117 322 164 602
701 115 931 159 IOANNIS
954 115 1215 183 zONARAE

166 242 196 277 B
222 237 318 283 λιον,
349 227 593 283 ἓπετάχυναν
617 227 688 283 τὴν
713 226 942 282 ἐπιβουλήν.
1001 230 1068 270 καὶ
1092 229 1306 272 στέλλουσί
1323 246 1455 281 τινας,
1483 230 1698 285 πολεμίους

220 300 370 343 ἐπιέναι
402 302 459 354 τῷ
492 298 532 338 Γ
529 296 680 354 αλιήνῳ
715 297 1002 352 ἀγγέλλοντας·
1038 294 1059 338 ὃ
1097 297 1142 339 δὲ
1179 297 1322 340 αὐτίκα
1358 297 1564 355 ἐξώρμησε
1599 298 1693 342 κατ’

222 369 370 418 αὐτῶν,
407 365 516 422 ὥρας
539 364 617 420 ἤδη
642 363 874 422 ἐφεστώσης
897 366 1078 421 ἀρίστου,
1114 367 1180 407 καὶ
1204 366 1347 421 ὀλίγων
1370 367 1698 423 συνεφεπεμένων

222 436 344 493 αὐτῷ.
388 433 545 476 ἀπιόντι
573 435 615 476 δὲ
639 439 887 476 συναντῶσιν
911 434 1058 484 ἱππεῖς·
1095 428 1151 476 ὧν
1175 435 1222 476 οὐ
1247 432 1387 491 πόρρω
1409 433 1698 493 πουηᾶφεστῶ-

222 522 302 548 των
320 503 459 554 αὐτοῦ,
484 504 550 545 καὶ
573 500 674 557 μήτε
699 507 778 544 τῶν
797 503 933 544 ἵππων
952 500 1192 555 ἀποβάντων
1209 502 1311 557 μήτε
1330 520 1366 545 τι
1385 504 1519 560 ἕτερον
1536 501 1696 547 ποιούν-
1709 511 1732 546 5
1784 541 1797 551 2

222 591 301 615 των
336 572 362 614 ἃ
398 571 499 628 πρὸς
530 575 712 624 βασιλεῖς
745 570 972 625 νενόμισται
995 572 1202 626 γίνεσθαι,
1236 571 1355 628 ἤρετο
1379 571 1474 622 τοὺς
1497 569 1702 628 παρόντας

18 653 66 687 W
82 651 203 688 11238
226 643 372 690 ἐκεῖνος
395 638 467 683 “u'
487 634 595 682 οὗτοι
618 638 889 694 βούλονται;”
930 640 968 682 οἶ
991 640 1038 682 δέ
1058 637 1247 683 “παῦσαί
1266 657 1310 682 σε
1335 644 1406 695 τῆς
1431 639 1591 696 ἀρχῆς”
1621 640 1698 682 ἀπ-

222 712 459 766 εκρίθησαν.
504 711 570 751 καὶ
597 707 642 758 ὃς
665 709 810 750 αὐτίκα
833 708 902 751 τὸν
921 707 1088 762 χαλινὸν
1113 712 1169 766 τῷ
1190 710 1302 766 ἵππῳ
1328 708 1468 759 ἐνδοὺς
1490 711 1546 759 εἷς
1563 708 1702 766 φυγὴν

222 777 389 835 ἐτράπη.
459 779 525 819 καὶ
560 776 634 819 κᾶν
667 778 829 833 διέφυγε
862 777 955 827 τοὺς
987 776 1320 829 ἐπιβουλεύοντας
1343 781 1391 834 τῇ
1414 781 1606 832 ταχυτῆτι
1630 780 1702 821 τοῦ

218 849 360 898 ἵππου,
397 848 431 888 εἴ
465 846 523 899 μὴ
559 845 710 895 ὕδατος
746 847 922 900 ἐνέτυχεν
959 845 1105 902 ὄχετῷ·
1141 850 1359 903 παρελθεῖν
1391 846 1470 902 γὰρ
1502 850 1654 889 τοῦτον
1677 843 1759 888 ὃΙο

170 923 200 958 C
220 918 345 965 ἰ’ππος
378 914 716 964 ἀποδεόειλιακώς
753 914 869 974 ἔστη,
917 916 983 956 καὶ
1015 913 1121 957 οὕτω
1153 915 1377 968 κατέλαβον
1409 914 1447 956 οἱ
1478 913 1702 964 διώκοντες.
1791 903 1794 909 ’

220 987 296 1027 καί
315 1001 375 1034 τις
399 984 491 1025 κατ’
521 983 647 1025 αὐτοῦ
670 983 714 1025 τὸ
740 982 840 1040 δόρυ
865 982 1083 1038 ἠκόντισεν.
1153 981 1174 1024 ὃ
1208 985 1251 1026 δὲ
1285 985 1446 1038 πληγεὶς
1475 986 1549 1026 τοῦ
1573 985 1701 1026 *ἵππου

224 1052 457 1108 κατήνεκτο,
490 1054 555 1093 καὶ
589 1053 650 1094 ἐπὶ
682 1052 828 1108 μικρὸν
857 1052 1071 1108 ὄιαρκέσας
1095 1052 1137 1094 ἐκ
1162 1056 1234 1106 τῆς
1257 1055 1331 1094 τοῦ
1354 1054 1524 1106 αἵματος
1546 1049 1702 1095 ἐτελεύ-

224 1139 318 1176 τησε
351 1119 526 1178 ῥύσεως,
559 1119 811 1174 βασιλεύσας
847 1120 1054 1171 ἐνιαυτοὺς
1092 1122 1371 1163 πεντεκαίδεκα
1405 1121 1480 1163 σὺν
1515 1111 1704 1171 τοῖς-τοῦ
1798 1171 1802 1179 .

224 1188 388 1246 πατρός.
422 1184 473 1244 ἦν
498 1190 541 1231 δὲ
564 1190 636 1244 τὴν
659 1188 820 1245 γνώμην
845 1189 1058 1246 φιλότιμος
1081 1191 1148 1230 καὶ
1171 1193 1269 1231 πᾶσι
1292 1190 1427 1232 θέλων
1445 1189 1701 1244 χαρίζεσθαι,
1715 1195 1758 1230 15
1788 1201 1801 1207 ’

224 1261 291 1301 καὶ
327 1258 459 1308 οὐδεὶς
490 1257 725 1311 αἰτούμενος
756 1258 878 1301 αὐτὸν
916 1256 1200 1315 διημάρτανεν.
1269 1256 1361 1300 οὔτε
1399 1257 1481 1312 μὴν
1513 1257 1609 1308 τοὺς
1641 1251 1722 1300 Zur-⁸
1784 1248 1800 1320 2}

226 1327 500 1377 αντιωθὲντας
541 1327 652 1384 αὐτῷ
691 1327 717 1382 ἢ
759 1329 1058 1384 προστιθέντας
1098 1333 1182 1377 τοῖς
1222 1324 1518 1383 τυραννήσασιν
1551 1327 1705 1380 ,ἐτιμω-

226 1395 395 1453 ρήσατο.
1653 1448 1655 1450 ¹

368 1464 419 1506 Οἳ
440 1463 514 1516 μὲν
540 1457 610 1505 οὖν
636 1462 764 1512 οὕτως
790 1461 1008 1518 ἱστόρησαν
1034 1463 1301 1517 ἀναιρεθῆναι
1325 1462 1394 1504 τὸν
1418 1463 1458 1503 Γ
1455 1465 1630 1517 αλιῆνον,
1667 1461 1705 1504 οἳ

227 1533 271 1574 δὲ
294 1533 407 1587 παρὰ
435 1529 732 1587 εΗρακλειανοῦ
756 1537 828 1574 τοῦ
852 1530 1029 1587 ἐπάρχου
1055 1535 1260 1588 σφαγῆναι
1283 1535 1425 1573 τοῦτον
1449 1531 1563 1587 φασί.
1632 1534 1703 1572 τοῦ
1715 1539 1761 1575 20

225 1602 303 1657 γὰρ
328 1598 538 1657 Αὖριόλου
564 1602 606 1656 ἐν
632 1602 799 1649 Κελτοῖς
830 1604 1149 1655 στρατηγοῦντος
1184 1601 1250 1640 καὶ
1275 1597 1572 1648 ἐπαναστάντος
1595 1598 1707 1656 αὐτῷ

171 1677 204 1712 D
229 1667 396 1723 ἣκοντός
418 1686 459 1711 τε
484 1670 544 1710 ἐπὶ
567 1669 740 1710 Ἰταλίαν
763 1668 837 1711 σὺν
861 1676 948 1718 ταῖς
972 1666 1165 1722 δυνάμεσι
1178 1699 1189 1718 ,
1225 1669 1290 1709 καὶ
1325 1665 1346 1709 ὃ
1373 1669 1414 1709 Γ
1411 1671 1574 1722 αλιῆνος
1607 1666 1702 1710 κατ’

323 1833 343 1865 5
368 1843 402 1865 τι
426 1844 479 1866 om
505 1831 552 1875 A,
578 1837 659 1877 post
683 1828 809 1872 ἕτερον
832 1832 965 1877 repetit
989 1833 1032 1867 C.
1171 1830 1193 1866 6
1215 1828 1408 1874 νενόμιστο
1433 1830 1475 1865 Α.
1612 1829 1635 1864 8
1656 1829 1711 1875 τῷ

322 1878 424 1923 ἵππῳ
457 1875 523 1912 τὸν
557 1874 708 1923 χαλινὸν
733 1879 807 1913 ΑΒ.
996 1878 1039 1914 16
1066 1873 1196 1922 αὐτὸν]
1223 1874 1322 1912 αὐτῶ
1343 1878 1386 1915 Β.
1446 1926 1449 1929 .
1571 1876 1619 1910 20
1642 1875 1710 1910 τοῦ

323 1920 489 1969 ἐπάρχου
513 1936 568 1958 om
591 1925 636 1959 A.

228 2074 264 2107 id
290 2085 367 2107 esse
392 2072 568 2118 proditum
591 2071 869 2114 intellexissent,
896 2070 1075 2104 maturatis
1098 2070 1257 2115 insidiis,
1283 2070 1446 2104 Gallieno
1471 2069 1621 2103 hostium
1645 2069 1706 2102 ad-

229 2125 368 2153 ventum
403 2119 578 2152 nuntiant.
631 2125 753 2151 contra
789 2129 875 2163 quos
910 2116 958 2150 illi
994 2117 1112 2151 statim
1146 2118 1211 2151 sub
1248 2116 1383 2161 prandii
1416 2122 1554 2160 tempus
1589 2114 1710 2161 paucis

179 2195 181 2197 ,
230 2165 477 2198 comitantibus
508 2163 704 2208 egredienti
728 2160 915 2197 occurrunt
942 2163 1092 2207 equites.
1139 2163 1199 2207 qui
1228 2174 1304 2196 cum
1333 2173 1401 2195 non
1431 2161 1552 2207 procul
1588 2162 1632 2195 ab
1668 2172 1708 2194 eo

231 2211 402 2244 distantes
427 2222 489 2243 nec
515 2222 559 2243 ex
583 2211 682 2254 equis
706 2210 960 2243 descenderent
984 2220 1048 2242 nec
1073 2208 1177 2242 ullum
1203 2209 1304 2242 alium
1330 2208 1493 2249 honorem
1508 2206 1710 2252 imperatori

231 2257 384 2291 debitum
414 2257 600 2298 haberent,
635 2256 780 2290 comites
811 2266 891 2289 suos
926 2260 1028 2298 rogat
1063 2255 1146 2300 quid
1178 2255 1227 2288 illi
1259 2254 1326 2288 sibi
1358 2253 1501 2287 vellent.
1548 2253 1711 2297 quicum

230 2303 518 2347 respondissent,
553 2313 614 2335 eos
644 2302 823 2346 imperium
855 2301 902 2334 illi
927 2301 1179 2345 abrogaturos,
1214 2300 1329 2334 statim
1354 2300 1478 2333 laxatis
1504 2298 1650 2332 habenis
1675 2298 1711 2332 in

229 2350 346 2394 fuga‘m
371 2352 562 2382 conversus
583 2348 805 2382 insidiatores
829 2347 908 2392 equi
935 2346 1112 2381 celeritate
1138 2346 1341 2391 effugisset,
1367 2345 1433 2379 nisi
1457 2345 1488 2378 is
1513 2345 1557 2378 ad
1581 2345 1710 2378 fossam

232 2395 403 2439 quandam
429 2393 575 2427 territus
601 2394 840 2435 substitisset3
866 2393 925 2427 ubi
951 2393 1240 2438 persequentibus
1266 2403 1341 2425 eum
1365 2391 1549 2434 assecutis,
1575 2402 1597 2424 a
1621 2401 1709 2434 quo-

232 2443 308 2475 dam
341 2441 444 2474 hasta
474 2440 565 2473 ictus
600 2440 732 2473 decidit
766 2451 875 2485 equo:
913 2450 976 2472 nec
1010 2440 1114 2473 multo
1149 2445 1230 2483 post
1262 2448 1306 2471 ex
1329 2437 1506 2482 sanguinis
1532 2436 1707 2481 profluvio

232 2486 397 2521 decessit.
438 2485 627 2530 imperavit
649 2487 743 2519 solus
768 2492 803 2519 et
827 2497 901 2518 cum
926 2489 1026 2530 patre
1052 2488 1161 2518 annos
1187 2483 1392 2529 quindecim.
1437 2483 1550 2516 animo
1575 2481 1711 2515 liberali

231 2533 322 2574 fuit,
355 2537 462 2577 atque
487 2532 645 2565 omnibus
670 2532 860 2576 gratificari
884 2531 1042 2571 studuit,
1079 2541 1190 2575 neque
1219 2540 1423 2575 quemquam
1450 2529 1524 2562 voti
1549 2529 1711 2572 impotem

233 2578 378 2617 dimisit,
405 2589 448 2611 ne
472 2578 687 2611 adversariis
713 2578 849 2623 quidem
872 2577 963 2620 suis,
989 2581 1050 2610 aut
1074 2576 1118 2610 iis
1143 2575 1203 2620 qui
1225 2581 1398 2620 tyrannos
1422 2574 1534 2608 secuti
1557 2574 1710 2616 fuerant,

232 2624 405 2669 supplicio
429 2624 580 2660 affectis.

376 2692 490 2735 Atque
525 2691 584 2726 alii
618 2692 669 2725 sic
701 2691 850 2736 periisse
875 2690 1091 2729 Gallienum,
1126 2687 1186 2722 alii
1221 2688 1264 2721 ab
1289 2687 1500 2722 Heracliano
1532 2687 1710 2732 praefecto

237 2749 373 2771 caesum
399 2748 477 2771 esse
500 2739 659 2772 tradunt.
710 2749 785 2770 nam
811 2747 886 2769 cum
911 2735 1104 2777 Aureolus,
1141 2733 1200 2778 qui
1224 2733 1370 2768 Gallicis
1393 2733 1589 2778 legionibus
1611 2743 1712 2776 prae-

238 2788 337 2826 erat,
376 2788 467 2817 mota
498 2784 670 2818 seditione
704 2794 780 2817 cum
817 2783 974 2817 exercitu
1004 2781 1039 2815 in
1065 2780 1199 2815 Italiam
1234 2780 1482 2822 contenderet,
1519 2778 1710 2827 Gallienum
