1820 3120
317 130 417 175 256
790 131 1018 175 IOANNIS
1051 133 1308 176 ZONARAE

314 250 387 300 τῆς
404 244 576 293 Ἰταλίας
597 260 639 286 τε
663 244 972 299 βασιλεύσοντα.
1019 252 1102 297 τοῖς
1125 246 1170 288 δὲ
1186 245 1407 301 “Ρωμαιόις
1428 254 1507 294 τῶν
1529 247 1776 307 πραγμάτιον

316 313 615 370 τεταραγμένων
647 303 738 367 οῧχὶ
777 315 1055 371 περιγενέσθαι
1090 319 1161 356 τοῦ
1188 313 1390 369 Ἀντιόχου
1424 317 1534 367 ἐλπὶς
1561 312 1638 374 ἦν,
1675 318 1770 360 ἀλλ’

316 379 483 436 ἠγάπων
515 380 556 423 εἴ
579 398 621 436 γε
657 382 708 424 τὰ
740 380 893 426 ἑαυτῶν
925 381 1206 425 ὃιασώσαιντο.
1273 381 1294 425 ὃ
1326 383 1404 440 γὰρ
1422 383 1620 439 Ἀντίοχος
1646 387 1772 442 μέγας

308 450 386 503 μὲν
417 451 484 491 καὶ
515 450 576 492 ἐπὶ
609 454 662 506 τῇ
695 452 821 510 οἰκείᾳ
856 449 1022 505 δυνάμει
1056 449 1183 493 ἐδόκει
1216 452 1274 492 δι’
1314 451 1419 494 ἄλλα
1449 453 1496 496 ’τε
1529 454 1597 497 καὶ
1616 452 1681 501 ὅτι
1699 454 1774 509 τὴν

317 519 485 572 Μηδίαν
508 519 824 575 κατεστρέψατο,
847 523 985 578 πολλῷ
1007 519 1050 561 δ”
1078 519 1133 562 ἔτι
1155 520 1299 573 μείζων
1322 521 1470 576 ἐγένετο
1493 519 1640 568 &river
1655 524 1770 570 Πτο-
1783 542 1806 575 5

311 590 477 640 λεμαῖον
508 586 577 629 τὸν
608 591 680 640 τῆς
711 586 924 642 Αἰγύπτου
956 588 1128 640 βασιλέα
1161 589 1226 630 καὶ
1255 588 1324 631 τὸν
1341 587 1593 647 Ἀριαράθην
1613 589 1682 633 τὸν
1703 595 1775 644 τῆς

317 655 612 704 Καππαδοκίας
633 656 831 710 κηδεστὴν
853 655 1148 712 προσετέθειτο.
1600 708 1601 711 ¹

454 727 649 765 Τοιοῦτον
672 723 744 765 τὸν
761 723 960 778 Ἀντίοχον
985 723 1241 778 νομιζόμενον
1266 724 1304 766 οἶ
1320 721 1533 779 εΡωμαῖοι,
1565 725 1683 781 μέχρι
1700 727 1772 779 μὲν

312 795 370 847 τῷ
407 792 595 849 Φιλίππῳ
628 792 873 846 ἐπολέμουν,
917 791 1163 850 ἐθεράπευον
1171 826 1184 845 ,
1228 794 1370 850 φιλίως
1404 810 1446 836 τε
1476 793 1544 836 διὰ
1567 794 1771 850 πρέσβεων

313 857 543 912 ὁμιλοῦντες
575 860 641 901 καὶ
680 861 792 917 δῶρα
823 861 1061 914 πέμποντες·
1109 863 1191 904 ἐπεὶ
1225 860 1268 903 δ’
1293 863 1439 906 ἐκεῖνον
1461 863 1665 916 ἐνίκησαν,
1699 864 1766 904 καὶ
1779 880 1820 915 10

259 931 292 965 0
315 925 459 969 τούτου
483 927 528 969 ὃν
549 926 732 984 πρόσθεν
754 929 955 971 ἐδεδίεσαν
978 928 1262 986 κατεφρόνουν.
1330 926 1352 971 ὃ
1371 930 1420 971 δὲ
1442 931 1483 980 ἐς
1505 929 1578 986 τὴν
1603 928 1768 988 Θρᾴκην

308 994 540 1052 ἐπεραιώθη
574 997 639 1038 καὶ
667 995 772 1038 ἄλλα
795 1014 835 1039 τε
859 996 1138 1053 παρεστήσατο
1152 1029 1165 1048 ,
1200 999 1265 1038 καὶ
1295 996 1368 1050 τὴν
1388 997 1654 1052 Λυσιμαχίαν
1677 999 1768 1042 ἄνε-

310 1071 500 1118 στηκυῖαν
531 1062 770 1120 συνῴκισεν,
812 1063 867 1114 ὥς
897 1062 1128 1123 ὁρμητηρίῳ
1151 1064 1276 1121 ταύτῃ
1295 1064 1567 1120 χρησόμενος·
1601 1067 1667 1122 καὶ
1690 1066 1768 1124 γὰρ

309 1132 435 1174 αὐτὸν
465 1134 530 1173 καὶ
563 1130 583 1173 ὃ
611 1133 812 1183 Φίλιππος
844 1134 911 1174 καὶ
945 1131 965 1175 ὅ
993 1132 1128 1187 Νάβις
1159 1132 1415 1189 ἐπηγάγοντο.
1483 1131 1505 1176 ὅ
1528 1150 1569 1178 τε
1586 1134 1768 1188 Ἀννίβας

309 1200 418 1257 αὐτῷ
443 1199 724 1255 συγγενόμενος
746 1202 901 1244 ἐλπίσαι
924 1204 1132 1257 πεποίηκεν
1155 1203 1196 1252 ἒς
1217 1202 1289 1257 τὴν
1312 1199 1559 1259 Καρχηδόνα
1581 1203 1766 1246 κάκεῖθεν
1776 1217 1819 1253 15

311 1270 367 1318 εἲς
399 1268 471 1322 τὴν
489 1268 660 1310 Ἰταλίαν
691 1273 881 1320 πλεῦσαι,
916 1271 982 1311 καὶ
1006 1271 1056 1312 τὰ
1080 1275 1151 1312 τοῦ
1172 1269 1316 1314 Ἰονίου
1340 1269 1490 1314 κόλπου
1513 1265 1614 1326 {av-17
1636 1288 1764 1328 προσ-

309 1338 688 1393 καταστρέψασθαι,
713 1340 778 1380 καὶ
800 1337 891 1391 μετ’
918 1338 1051 1380 αὐτῶν
1073 1339 1135 1384 ἐπὶ
1159 1339 1230 1393 τὴν
1247 1336 1405 1393 Ῥώμην
1427 1336 1616 1396 ὁρμῆσαι.
1651 1339 1762 1397 ἔφθη

309 1409 405 1460 γοῦν
436 1403 456 1447 ὃ
486 1405 685 1459 Ἀντίοχος
714 1409 781 1449 καὶ
805 1408 867 1456 δὶς
889 1407 929 1455 ἒς
950 1407 1024 1461 τὴν
1045 1404 1245 1463 Εὐρώπην
1269 1399 1414 1459 διαβὰς
1437 1407 1492 1457 εἴς
1513 1424 1553 1450 τε
1579 1406 1650 1463 τὴν
1668 1405 1759 1450 ‘Est-

257 1470 289 1503 D
315 1471 419 1514 λάδα
459 1472 714 1530 ἀφικόμενος.
790 1472 1018 1528 πυθόμενος
1049 1476 1093 1517 δὲ
1125 1475 1194 1517 τὸν
1227 1477 1483 1528 Πτολεμαῖον
1514 1476 1761 1530 τεθνηκέναι,

310 1543 378 1583 καὶ
410 1543 498 1597 περὶ
531 1541 680 1591 παντὸς
706 1547 778 1596 τῆς
809 1541 1020 1598 Αἰγύπτου
1053 1547 1249 1600 κρατῆσαι
1280 1541 1540 1597 ποιούμενος,
1587 1544 1657 1587 τὸν
1686 1545 1816 1598 pti-²⁹20

308 1609 394 1652 υἱὸν
417 1611 609 1652 Σέλευκον
632 1611 673 1652 ἓν
695 1615 744 1668 τῇ
768 1613 1012 1671 Λυσιμαχίᾳ
1034 1612 1107 1654 σὺν
1129 1609 1295 1666 δυνάμει
1314 1612 1538 1664 κατέλιπεν,
1572 1612 1693 1663 αὐτὸς
1716 1614 1760 1655 δὲ

398 1729 419 1761 1
442 1724 683 1772 βασιλεύοντα
707 1730 748 1765 Α.
907 1729 931 1764 4
953 1724 1073 1764 ἐδόκει
1098 1725 1253 1773 δυνάμει
1274 1728 1318 1765 Β.
1387 1745 1390 1748 ’
1486 1728 1510 1765 6
1530 1726 1686 1774 ἄρα’θην
1712 1731 1757 1765 Α.

397 1773 420 1809 7
441 1773 680 1816 προσετίθετο
702 1777 746 1809 Α.
933 1777 976 1810 11
1001 1771 1040 1809 οῖ
1060 1772 1102 1809 δὲ
1125 1770 1162 1814 ἐς
1190 1771 1258 1819 τὴν
1279 1772 1430 1822 θρᾴκην
1451 1769 1756 1820 ἐπεραιώθησαν·

396 1816 489 1852 ἄλλοι
513 1830 551 1853 τε
574 1820 619 1856 Α.
801 1820 845 1854 12
866 1820 1082 1865 λυσιμαχίδα
1104 1821 1196 1855 ABG
1211 1845 1222 1864 ,
1257 1820 1317 1866 qui
1349 1831 1426 1855 mox
1447 1819 1650 1870 λυσιμαχία.
1671 1821 1758 1856 illud

396 1871 509 1898 tamen
533 1876 602 1899 non
625 1876 766 1910 prorsus
789 1866 941 1900 insolens
964 1872 1036 1901 est:
1059 1867 1106 1900 cf.
1127 1864 1348 1909 Ἡρακλεΐδα
1372 1865 1528 1909 Syncelli
1538 1878 1575 1913 p.
1586 1855 1654 1901 489
1664 1878 1699 1902 v.
1711 1867 1756 1900 25

397 1916 431 1944 et
450 1907 669 1952 “Ηροικλεΐὸα
691 1909 799 1946 πόλιν
822 1911 970 1946 Malalae
992 1925 1027 1958 p.
1044 1912 1112 1947 204
1135 1923 1171 1946 v,
1198 1911 1219 1946 9
1244 1918 1277 1946 et
1305 1911 1348 1946 13
1374 1913 1430 1947 ed.
1455 1910 1566 1947 Bonn.
1591 1917 1629 1946 at
1645 1908 1755 1956 ‘Hea-

395 1956 554 1995 κλειῶτις
576 1956 735 1992 Zonarae
757 1970 793 2004 p.
819 1958 886 1994 146
908 1970 944 1994 v-
968 1958 990 1994 9
1013 1963 1069 1992 est
1089 1958 1198 2003 regio,
1222 1957 1446 1992 Heracleotes
1469 1962 1615 2001 tractus,
1637 1963 1677 1992 ut
1699 1964 1754 1992 est

396 2003 488 2046 apud
510 2002 669 2039 Plinium.
805 2004 850 2039 13
871 2002 1077 2048 συνώκησεν
1099 2003 1142 2037 A.
1279 2001 1324 2038 17
1348 2000 1474 2047 ἔφθην
1495 1995 1562 2038 οὖν
1579 2003 1624 2038 Α.

302 2103 426 2137 bellum
458 2103 623 2145 inferret,
656 2117 718 2150 spe
743 2110 779 2140 et
804 2105 930 2140 Graeci
953 2110 990 2139 et
1011 2105 1126 2139 Italici
1154 2105 1255 2150 regni
1278 2105 1468 2150 proposita.
1513 2103 1658 2139 Romani
1678 2110 1751 2139 tur·

303 2150 397 2183 batis
421 2149 532 2183 adhuc
556 2151 672 2196 rebus,
696 2151 772 2185 sine
796 2151 866 2186 ulla
888 2163 950 2197 spe
973 2150 1137 2185 Antiochi
1159 2151 1363 2196 superandi,
1395 2150 1481 2185 satis
1505 2149 1698 2186 habuerunt
1720 2150 1752 2186 si

302 2207 365 2229 sua
388 2196 479 2229 tueri
501 2201 656 2240 possent.
703 2208 778 2231 nam
802 2197 992 2231 Antiochus
1024 2196 1218 2231 domesticis
1249 2196 1380 2231 viribus
1403 2195 1549 2231 multum·
1562 2206 1664 2241 posse
1687 2207 1753 2242 pu·
1819 2201 1820 2205 ’

300 2243 454 2283 tabatur,
479 2253 554 2275 cum
579 2247 722 2288 propter
745 2243 820 2285 alia,
845 2248 916 2277 tum
940 2244 1030 2288 quod
1046 2242 1195 2276 Mediam
1209 2242 1422 2287 subegisset:
1446 2241 1508 2276 sed
1523 2241 1628 2277 multo
1641 2243 1751 2277 maior
1819 2278 1820 2292 χ

298 2288 412 2321 sactus
436 2293 513 2321 erat
537 2288 706 2322 affinitate
721 2289 908 2323 Ptolemaei
922 2287 1077 2334 Aegypti
1092 2293 1128 2322 et
1143 2288 1334 2322 Ariarathis
1358 2287 1599 2334 Cappadociae
1618 2299 1747 2333 regum.

435 2332 639 2368 Antiochum
662 2334 789 2378 igitur,
822 2336 866 2369 de
889 2346 956 2379 quo
981 2335 1060 2369 talis
1083 2340 1176 2368 esset
1199 2333 1325 2379 opinio,
1350 2334 1433 2368 belli
1454 2332 1638 2379 Philippici
1662 2341 1749 2368 tem-

297 2388 385 2423 pore
408 2379 601 2422 coluerunt,
624 2391 687 2424 per
708 2381 840 2426 legatos
864 2381 972 2414 amice
995 2392 1068 2415 cum
1092 2391 1133 2414 eo
1148 2385 1290 2423 agentes
1307 2384 1344 2413 et
1361 2389 1499 2414 munera
1517 2379 1748 2415 minitantes:

298 2424 359 2457 sed
385 2423 576 2459 Macedone
598 2426 712 2469 victo,
735 2438 834 2471 quem
857 2427 987 2472 pridem
1009 2427 1202 2468 timuerant,
1225 2430 1516 2470 contempserunt.
1563 2431 1600 2460 at
1629 2424 1688 2459 ille
1711 2424 1748 2458 in

299 2470 495 2504 Thraciam*
508 2471 652 2514 traiecit,
676 2479 712 2506 et
735 2478 876 2517 praeter
898 2472 967 2506 alia
990 2473 1025 2506 vi
1047 2473 1187 2506 subacta
1210 2470 1462 2515 Lysimachiam
1484 2471 1678 2505 desolatam
1695 2471 1748 2504 in·

299 2516 492 2559 stauravit,
522 2527 589 2561 qua
613 2518 655 2551 ad
678 2518 761 2552 belli
794 2518 935 2562 gerendi
966 2517 1237 2552 commoditatem
1271 2521 1448 2561 uteretur,
1487 2529 1512 2563 a⁴
1529 2516 1686 2562 Philippo
1710 2521 1747 2550 et

298 2562 436 2596 Nabide
460 2562 658 2599 arcessitus.
707 2563 879 2598 Hannibal
911 2575 1048 2609 quoque
1076 2574 1188 2597 coram
1213 2563 1248 2597 in
1271 2573 1334 2608 spe
1355 2573 1432 2597 eum
1454 2567 1634 2605 erexerat,
1670 2563 1746 2596 fore

301 2616 337 2641 ut
372 2608 617 2652 Carthaginem
653 2615 757 2654 atque
788 2610 867 2643 inde
901 2610 937 2643 in
959 2609 1096 2644 Italiam
1126 2609 1313 2654 navigans,
1344 2609 1433 2643 Ionii
1467 2608 1562 2643 sinus
1584 2607 1745 2652 gentibus

297 2654 471 2697 subactis,
504 2654 644 2688 Romam
674 2655 782 2700 ipsam
816 2666 1015 2701 oppugnare
1044 2660 1175 2701 posset.
1219 2655 1382 2700 pervenit
1413 2660 1524 2690 auten
1556 2653 1745 2688 Antiochus

231 2724 236 2731 ,
298 2699 352 2732 bis
377 2700 412 2732 in
440 2700 613 2744 Europam
637 2707 740 2746 atque
763 2702 799 2735 in
823 2702 1018 2737 Graeciam.
1041 2701 1102 2734 sed
1125 2700 1312 2735 Ptolemaei
1331 2706 1442 2735 morte
1464 2699 1583 2734 audita
1605 2710 1681 2733 cum
1706 2699 1742 2732 in

299 2756 339 2777 eo
372 2744 436 2778 sibi
458 2751 599 2791 putaret
631 2758 708 2781 esse
731 2747 844 2782 omnia
867 2754 906 2782 ut
926 2748 1087 2792 Aegypto
1111 2747 1296 2792 potiretur,
1321 2747 1466 2781 Seleuco
1489 2745 1560 2780 filio
1584 2744 1740 2789 Lysima-

298 2790 396 2824 chiae
425 2802 500 2825 cum
536 2793 645 2837 copiis
682 2793 804 2827 relicto
841 2793 968 2827 abitum
998 2793 1147 2838 paravit.
1195 2798 1370 2828 caetetum
1403 2802 1480 2827 cum
1509 2791 1741 2826 Ptolemaeum
