1820 3120
279 85 380 132 366
748 117 752 120 .
779 84 1009 128 IOANNIS
1036 84 1299 128 ZONARAE

223 204 255 238 D
278 198 488 253 βούλευμα
518 194 807 252 κατανοήσασα
838 198 940 253 παρ’
975 195 1105 256 ἐαυτῷ
1136 196 1350 241 θάλποντα
1382 199 1670 252 δυσεξέλικτον,
1706 198 1754 242 οὗ

277 266 474 324 πρότερον
508 266 632 308 αὐτὸν
655 268 743 322 περὶ
768 271 848 309 τῶν
872 265 1115 322 ἀπορρήτων
1137 264 1306 322 ἀνήρετο
1331 269 1424 323 πρὶν
1445 266 1471 323 ἢ
1498 273 1636 322 λαβεῖν
1660 267 1754 311 διά·

276 353 419 390 πειραν
442 333 601 389 ἑαυτῆς.
659 338 844 388 λαβοῦσα
867 333 969 390 γάρ,
1006 336 1127 391 φησί,
1161 336 1394 392 μαχαίριον,
1429 336 1559 391 τομὴν
1578 340 1756 391 βαθεῖαν

277 402 420 460 λάθρα
445 402 631 458 ἐπήνεγκε
654 408 710 460 τῷ
733 408 877 460 μηρῷ,
921 401 976 453 ὡς
1009 403 1112 456 μετὰ
1144 403 1290 457 μικρὸν
1323 403 1472 454 ὀδύνας
1503 404 1756 460 ἐπιγενέσθαι

277 472 461 522 νεανικὰς
495 474 560 514 καὶ
595 470 812 529 φρικώδεις
845 471 1084 526 ἀναφθῆναι
1117 471 1313 527 πυρετοὺς
1344 474 1387 514 ἐκ
1414 477 1486 515 τοῦ
1510 470 1788 527 τραύματος.5

277 541 530 595 ἀγωνιῶντος
564 542 608 582 δὲ
641 545 714 582 τοῦ
751 538 934 594 Βρούτου
972 542 1012 581 ἐν
1043 540 1153 595 ἀκμῇ
1186 544 1257 594 τῆς
1288 540 1511 596 ἀλγηδόνος
1542 535 1647 586 οὖσα
1677 541 1756 599 ἔφη

279 610 389 666 αὐτῷ
414 607 536 664 αἐγώ,
565 611 736 663 Βροῦτε,
762 609 836 661 οὐχ
860 605 914 657 ὡς
938 608 979 649 αἱ
1005 608 1347 663 παλλακευόμεναι
1372 611 1506 664 κοίτης
1528 609 1758 663 μεθέξουσα

278 680 345 720 καὶ.
372 678 569 733 τραπέζης
593 675 717 730 μόνον
741 675 895 730 ἐδόθην
919 694 1005 727 σοι,
1036 677 1141 718 ἀλλὰ
1166 677 1353 726 κοινωνὸς
1377 677 1474 720 εἶναι
1497 679 1563 720 καὶ
1588 678 1760 734 ἀγαθῶν

279 749 345 788 καὶ
371 747 562 802 ἀνιαρῶν.
632 745 681 787 τὰ
718 745 792 799 μὲν
826 740 896 787 οὖν
929 745 980 786 σὰ
1016 743 1147 787 πάντα
1179 748 1267 802 περὶ
1303 746 1373 788 τὸν
1399 745 1529 801 γάμον
1552 745 1757 800 ἄμεμπτα,

278 820 358 857 τῶν
383 815 426 856 δὲ
450 815 552 870 παρ’
580 814 680 868 ἐμοῦ
703 815 762 863 τίς
783 812 985 864 ἀπόδειξις
1006 812 1032 867 ἢ
1051 813 1174 869 χάρις
1195 817 1227 856 εἲ
1246 813 1348 868 μήτε
1370 813 1507 864 πάθος
1526 814 1789 871 ἀπόρρητονΙ

279 884 493 926 συνδιοίσω
528 899 592 925 σοι
624 880 726 936 μήτε
761 884 959 938 φροντίδα
984 884 1154 932 πίστεως
1178 884 1392 937 ὁεομένην;
1429 882 1510 926 οἶδ’
1537 882 1599 926 ὅτι
1621 900 1759 939 γυναι·
1796 883 1801 886 ’

91 959 120 993 Ρ
145 959 162 993 Ι
187 959 256 995 509
280 953 366 994 κεία
391 951 514 1008 φύσις
537 951 717 1005 ἀσθενὴς
741 952 854 992 δοκεῖ
874 949 992 1005 λόγον
1015 953 1181 1007 ἐνεγκεῖν
1205 951 1457 1005 ἀπόρρητον·
1486 952 1572 994 ἀλλ’
1598 952 1681 994 ἔστι
1699 969 1761 1003 τις

279 1023 344 1062 καὶ
370 1024 527 1076 τροφῆς
550 1019 713 1075 ἀγαθῆς
735 1021 800 1060 καὶ
829 1017 988 1073 ὁμιλίας
1004 1026 1188 1074 χρηστῆς
1212 1023 1267 1070 εἰς
1291 1015 1395 1075 ἦθος
1418 1018 1545 1074 ἰσχύς.
1603 1022 1692 1075 ἐμοὶ
1717 1021 1761 1063 δὲ

277 1089 323 1131 τὸ
349 1087 545 1138 Κάτωνος
577 1087 674 1131 εἶναι
709 1089 918 1144 θυγατέρα
952 1090 1018 1130 καὶ
1051 1088 1096 1130 τὸ
1122 1088 1308 1142 Βρούτου
1334 1096 1503 1144 γυναῖκα
1534 1087 1761 1145 πρόσεστιν.

281 1155 342 1208 οἷς
364 1156 560 1214 πρότερον
582 1158 655 1210 μὲν
677 1150 798 1211 ἧττον
823 1158 1064 1208 ἐπεποίθειν,
1112 1162 1182 1199 νῦν
1211 1158 1252 1199 δ’
1293 1158 1471 1212 ἐμαυτὴν
1505 1157 1657 1212 ἔγνωκα
1690 1159 1789 1204 καὶ]

278 1225 381 1281 πρὸς
413 1224 536 1268 πόνον
571 1225 768 1280 ἀήττητον
806 1223 946 1267 εἷναι.”
1020 1226 1137 1267 ταῦτ’
1166 1228 1332 1269 εἰποῦσα
1357 1228 1555 1269 δείκνυσιν
1578 1226 1691 1284 αὐτῷ
1711 1226 1757 1269 τὸ

278 1298 444 1350 τραῦμα
469 1296 536 1336 καὶ
561 1296 755 1349 διηγεῖται
780 1294 852 1348 τὴν
876 1300 1030 1349 πεῖραν.
1093 1292 1114 1337 ὅ
1139 1295 1182 1336 δ’
1210 1296 1417 1350 ἐκπλαγεὶς
1439 1293 1638 1350 ἐπηύξατο
1663 1296 1761 1337 δοῦ-

277 1380 344 1405 ναι
378 1362 473 1413 τοὺς
503 1363 629 1413 θεοὺς
663 1366 949 1418 κατορθοῦντα
980 1363 1053 1417 τὴν
1085 1366 1231 1418 πρᾶξιν
1267 1362 1398 1420 ἄνδρα
1429 1365 1614 1420 Πορκίας
1649 1361 1760 1414 ἄξιον

279 1436 468 1489 φανῆναι.

76 1503 260 1540 W11146
422 1501 491 1541 21.
563 1501 635 1554 Τῷ
668 1498 742 1551 μὲν
774 1492 845 1540 οὖν
868 1495 1040 1555 Βρούτῳ
1075 1496 1120 1539 ὃν
1154 1497 1307 1552 εἴρηται
1341 1496 1491 1556 τρόπον
1524 1499 1681 1542 ἐπέλιπε
1712 1498 1820 1544 1320*

278 1566 494 1622 βιώσιμον,
529 1570 609 1609 τῶν
635 1568 679 1608 δὲ
701 1566 793 1620 μετ’
821 1567 949 1608 αὐτοῦ
970 1567 1190 1622 γενομένων
1213 1565 1420 1622 ἐπισήμων
1443 1567 1604 1623 ἀνδρῶν
1628 1568 1666 1610 οἶ
1687 1568 1761 1621 μὲν

229 1641 259 1675 Β
283 1638 445 1687 πλείους
476 1634 646 1684 ἑαυτοὺς
679 1635 823 1677 αὐτίκα
856 1636 1088 1678 ἀπέκτειναν
1106 1634 1149 1690 ἢ
1173 1632 1337 1687 ἁλόντες
1359 1634 1619 1694 ἐφθάρησαν,
1654 1636 1693 1678 οἳ
1718 1636 1762 1678 δὲ

372 1766 396 1801 3
420 1765 513 1810 φησί
534 1764 608 1805 ΒΟ,
634 1761 726 1808 φασὶ
748 1765 838 1798 PW.
963 1764 1009 1798 14
1031 1738 1077 1800 vd.
1096 1763 1210 1812 prius]
1238 1764 1292 1812 τῷ
1313 1764 1362 1800 C:
1384 1764 1594 1801 Plutarchus
1617 1762 1682 1800 καὶ
1705 1761 1762 1801 τὸ.

370 1813 418 1848 20
446 1812 521 1858 Τῷ]
546 1809 609 1845 καὶ
633 1811 683 1856 τῷ
704 1811 747 1845 Α.

417 1903 588 1937 Fowms.
633 1902 721 1948 cap.
743 1902 801 1939 21.
844 1900 974 1936 Dionis
989 1901 1084 1937 Hist.
1101 1901 1193 1936 Rom
1209 1901 1270 1936 lib.
1286 1900 1333 1938 47
1348 1914 1378 1936 c.
1393 1902 1440 1938 49
1456 1920 1500 1927 —
1516 1901 1576 1939 lib.
1593 1899 1640 1938 48
1656 1914 1687 1937 c.
1703 1901 1761 1938 20.

282 2027 357 2050 eum
383 2015 426 2048 de
451 2014 589 2049 arcanis
616 2021 855 2060 percontatam
882 2026 980 2059 esse,
1015 2026 1117 2060 quam
1148 2015 1203 2048 sui
1237 2015 1349 2060 ipsius
1384 2014 1574 2061 periculum
1601 2014 1765 2057 fecisset3

280 2067 489 2107 sumptoque
515 2061 654 2095 cultello
680 2062 767 2095 clam
793 2061 1001 2107 profundum
1026 2060 1151 2095 vulnus
1176 2061 1337 2095 intulisse
1360 2062 1507 2106 femori,
1543 2061 1637 2107 quod
1661 2061 1763 2106 paulo

278 2113 362 2154 post
396 2118 526 2151 graves
562 2107 700 2141 dolores
733 2113 769 2141 et
801 2106 1020 2152 periculosae
1051 2109 1167 2142 febres
1202 2111 1409 2142 consecutae
1439 2108 1525 2142 sint.
1581 2108 1765 2152 Brutoque

280 2154 449 2194 sollicito,
476 2154 512 2186 in
537 2164 667 2187 summo
692 2153 812 2187 dolore
838 2153 971 2187 dixisse
990 2149 1083 2198 “ego
1106 2153 1195 2196 tibi,
1231 2153 1359 2196 Brute,
1396 2153 1479 2187 data
1503 2164 1600 2197 sum,
1632 2164 1701 2188 non
1724 2158 1766 2187 ut

279 2199 412 2245 pellicis
437 2199 550 2232 instar
573 2199 702 2232 victum
728 2205 764 2232 et
788 2199 915 2233 lectum
940 2199 1111 2233 duntaxat
1134 2210 1341 2233 communem
1366 2203 1478 2233 tecum
1503 2198 1678 2243 haberem,
1701 2198 1764 2232 sed

278 2250 320 2280 ut
342 2246 505 2278 fortunae
531 2245 706 2279 secundae
730 2246 771 2279 ad
780 2256 973 2290 versaeque
997 2245 1092 2279 socia
1114 2245 1183 2279 tibi
1206 2256 1330 2279 essem.
1369 2256 1410 2278 ac
1433 2249 1473 2279 tu
1497 2245 1635 2289 quidem
1657 2245 1763 2279 talem

277 2297 315 2326 te
340 2291 499 2325 maritum
523 2293 672 2335 praebes
694 2291 738 2325 de
762 2302 830 2336 quo
858 2291 942 2325 nihil
967 2291 1069 2336 queri
1090 2291 1238 2335 possim=
1263 2301 1328 2335 ego
1355 2301 1439 2324 vero
1461 2301 1530 2335 quo
1552 2295 1658 2336 pacto
1682 2301 1766 2335 gra-

277 2342 351 2372 tum
378 2337 527 2370 animum
554 2336 761 2378 declarabo,
787 2336 816 2370 si
843 2348 956 2381 neque
980 2338 1150 2371 occuitum
1175 2336 1325 2370 dolorem
1351 2347 1462 2381 neque
1485 2336 1765 2381 sollicitudinem,

280 2395 372 2429 quae
402 2383 506 2416 fidem
539 2382 712 2427 postulat,
752 2387 864 2416 tecum
898 2394 967 2416 una
997 2383 1140 2417 tulero?
1186 2382 1343 2427 equidem
1369 2383 1440 2416 scio
1464 2393 1565 2427 quam
1589 2382 1763 2417 imbecilla

280 2430 328 2464 sit
354 2434 479 2462 natura
504 2428 682 2462 muliebris
708 2429 753 2462 ad
778 2429 923 2462 celanda
947 2440 1088 2463 arcana.
1136 2427 1197 2462 sed
1229 2433 1326 2462 recte
1359 2428 1571 2462 educationis
1596 2432 1634 2462 et
1657 2428 1764 2462 hone-

279 2481 356 2509 stae
382 2474 803 2518 consuetudinisaliquae
827 2474 923 2508 vires
949 2479 1044 2508 sunt.
1092 2473 1174 2508 mibi
1208 2485 1292 2508 vero
1323 2474 1474 2519 contigit
1497 2479 1536 2508 ut
1558 2477 1596 2508 et
1618 2473 1763 2508 Catonis

280 2521 355 2555 filia
380 2525 417 2554 et
441 2521 541 2554 Bruti
568 2532 654 2554 uxor
678 2532 808 2553 essemz
846 2521 972 2577 quibus
1007 2521 1110 2554 rebus
1142 2519 1268 2553 dudum
1294 2520 1406 2554 minus
1433 2521 1525 2554 freta
1548 2531 1639 2555 nunc
1662 2531 1716 2555 me
1740 2530 1762 2554 a

280 2567 401 2600 labore
418 2566 581 2600 invictam
600 2578 677 2600 esse
695 2563 878 2610 cognovi.'
911 2566 965 2600 his
990 2566 1092 2600 dictis
1119 2565 1153 2599 ei
1176 2565 1314 2609 vulnus,
1340 2577 1447 2601 causa
1469 2565 1560 2600 illius
1585 2565 1760 2611 exposita,

281 2612 446 2648 ostendit.
471 2611 501 2646 is
519 2623 604 2646 vero
622 2613 885 2656 obstupefactus
903 2612 987 2646 deos
1003 2617 1168 2658 precatus
1185 2615 1241 2646 est
1256 2616 1297 2646 ut
1318 2623 1357 2648 re
1381 2613 1472 2647 bene
1494 2617 1594 2657 gesta
1618 2611 1759 2657 dignum

283 2658 409 2692 Porcia
433 2658 592 2692 maritum
617 2669 654 2691 se
680 2659 879 2702 praeberet.

420 2705 478 2737 21.
526 2704 636 2738 Bruto
670 2704 714 2737 ad
748 2705 840 2738 hunc
872 2704 1005 2737 modum
1041 2702 1205 2737 defuncto
1237 2702 1309 2737 viri
1339 2703 1426 2737 clari
1453 2702 1513 2748 qui
1546 2713 1621 2737 eum
1645 2701 1759 2736 secuti

282 2749 426 2784 fuerant
448 2749 607 2795 plerique
630 2749 749 2784 statim
773 2755 835 2784 aut
857 2749 926 2794 ipsi
950 2761 988 2783 se
1013 2748 1217 2783 occiderunt
1247 2753 1309 2784 aut
1331 2748 1425 2795 capti
1447 2747 1650 2795 perierunt:
1681 2758 1760 2782 cae-
