1820 3120
291 93 394 141 416
761 86 991 134 IOANNIS
1024 89 1287 133 ZONARAE

285 212 335 266 τῇ
353 202 490 262 Ῥώμῃ
513 202 662 258 συνέβη
685 204 751 245 καὶ
775 203 931 260 σφαγαὶ
954 199 1138 259 γεγόνασι
1162 202 1230 246 διὰ
1247 201 1322 253 τὰς
1338 205 1418 245 τῶν
1433 200 1598 247 ὑπάτων
1616 203 1762 261 ἀρχαι-

287 277 434 329 ρεσίας.
502 271 654 326 μαθὼν
686 266 756 314 οὖν
786 271 916 314 ταῦθ’
953 269 974 313 ὃ
1007 272 1174 327 Καῖσαρ
1184 302 1199 323 ,
1244 272 1311 313 καὶ
1346 271 1518 315 συνιδὼν
1548 270 1611 317 ὅτι
1644 273 1762 316 0135&-

286 343 413 399 πέρας
435 339 641 396 γενήσεται
673 343 747 383 τοῦ
779 344 927 392 κακοῖ,
963 341 1019 390 εἲς
1045 339 1119 394 τὴν
1145 336 1306 394 Ῥώμην
1335 338 1520 396 ἠπείχθη·
1541 341 1608 398 καὶ
1638 340 1763 392 αὐτὸς
1795 371 1798 375 ·

287 411 491 460 ἀπέδειξεν
511 409 680 452 ὕπατον.
749 409 831 450 ἐπεὶ
859 409 904 451 δὲ
933 406 1162 463 ὑπαντῆσαι
1195 408 1306 466 αὐτῷ
1337 405 1482 459 πάντες
1509 407 1763 464 παρεσκευά-

285 477 413 532 ζοντο,
438 476 595 532 νύκτωρ
621 479 677 527 εἲς
698 476 771 532 τὴν
794 474 910 519 πόλιν
933 477 1205 532 ἀνεκομίσθη·
1237 475 1259 518 ὃ
1284 478 1352 518 καὶ
1374 474 1574 528 πολλάκις
1589 477 1798 534 ἔποίησε,5

284 549 353 590 καὶ
377 546 491 598 ἐξιὼν
513 550 586 589 τοῦ
610 545 753 602 ἄστεος
776 547 842 587 καὶ
872 543 1058 597 ἐπανιών,
1090 547 1159 587 ἵνα
1181 546 1323 600 μηδενὶ
1349 544 1522 602 ὀχληρὸς
1544 544 1616 604 εἴη.
1676 544 1764 589 εἶτα

283 621 365 659 τῶν
389 613 551 673 τρόπων
576 613 816 669 ἐπιμελητὴς
848 615 915 655 καὶ
949 614 1118 668 τιμητὴς
1154 615 1209 664 εἷς
1233 615 1473 662 πενταετίαν
1486 616 1766 671 παρακληθεὶς

235 692 265 727 Β
289 682 576 741 ἐχειροτονήθη
588 714 601 734 ,
637 683 711 737 τὴν
735 683 778 724 δὲ
801 687 880 724 τῶν
901 680 1066 725 ῧπάτων
1088 682 1209 738 τιμὴν
1232 682 1301 724 διὰ
1324 683 1423 736 βίου4
1442 681 1578 737 ἔλαβε.
1644 686 1766 732 τινῶν

88 763 190 800 WII
207 762 274 799 165
292 753 335 796 δ’
363 754 495 802 αἰτίας
517 750 696 805 σχόντων
730 749 1000 804 ἐπιβουλεύειν
1034 751 1145 808 αὐτῷ
1177 752 1245 793 καὶ
1276 755 1333 813 τῷ
1361 750 1580 811 Ἀγρίππᾳ,
1615 749 1766 802 ἄλλους

285 822 359 877 μέν
381 838 493 870 τινας
517 821 748 870 ἐδικαίωσε,
778 819 848 861 τὸν
873 820 916 861 δὲ
937 820 1125 862 Λέπιδον
1148 819 1272 873 ἐμίσει
1294 820 1368 873 μὲν
1389 821 1456 862 καὶ
1480 819 1541 862 δι’
1566 817 1677 863 ἄλλα
1694 821 1796 866 καὶΙ

286 890 347 933 ὅτι
380 888 400 931 ὃ
439 888 527 938 υἱὸς
564 888 691 930 αὐτοῦ
723 886 1009 942 ἐπεβούλευσεν
1044 889 1176 946 αὐτῷ,
1211 889 1259 930 οὗ
1285 888 1420 943 μέντοι
1443 890 1511 930 καὶ
1534 887 1765 932 ἀποκτεῖναι

283 959 499 1014 ἠθέλησεν,
526 957 611 998 ἀλλ’
640 956 781 999 ἄλλοτε
807 956 939 1007 ἄλλως
963 956 1251 1014 προεπηλάκιζε
1277 959 1342 998 καὶ
1369 955 1586 1012 ἐχλεύαζεν.
1602 984 1608 1014 1
1644 955 1764 1000 ἔθετό

283 1044 326 1070 τε
360 1028 426 1068 καὶ
460 1025 609 1076 ἄλλους
639 1023 809 1080 νόμους,
854 1027 921 1067 καὶ
953 1026 998 1068 τὸ
1030 1026 1126 1076 τοὺς
1157 1023 1406 1076 δεκάσαντάς
1436 1043 1548 1076 τινας
1579 1027 1643 1068 ἐπὶ
1675 1032 1766 1077 ταῖς

285 1095 431 1152 ἀρχαῖς
454 1095 494 1145 ἐς
517 1094 629 1136 πέντε
653 1093 720 1149 ἔτη
746 1094 880 1136 αὐτῶν
905 1093 1135 1150 εἴργεσθαι·
1179 1101 1263 1144 τοῖς
1297 1111 1338 1137 τε
1373 1091 1547 1151 ἀγάμοις
1572 1096 1646 1151 ,καὶ
1675 1101 1767 1144 ταῖς

284 1162 500 1221 ἀνάνδροις
523 1163 700 1217 ἐπιτίμια
725 1162 849 1214 ἔταξε,
881 1167 955 1205 τοῦ
979 1164 1022 1205 δὲ
1043 1161 1176 1219 γάμου
1200 1165 1267 1205 καὶ
1288 1167 1360 1218 τῆς
1376 1163 1634 1221 παιδοποιίας
1650 1157 1795 1208 ἇθλαῙ

287 1232 424 1287 ἔθηκε.
453 1232 623 1286 κάπειδὴ
642 1231 743 1274 πολὺ
766 1235 901 1274 πλεΐον
921 1231 967 1274 τὸ
990 1231 1112 1288 ἄρρεν
1135 1236 1207 1274 τοῦ
1230 1230 1384 1286 θήλεος
1405 1235 1480 1275 τοῦ
1503 1231 1682 1288 εὐγενοῦς
1702 1227 1767 1287 ἦν,

236 1307 267 1342 C
290 1302 484 1358 ἐπέτρεψε
507 1302 574 1342 καὶ
599 1300 874 1357 ἀπελευθέρας
896 1307 980 1350 τοῖς
1000 1301 1189 1343 ἐθέλουσι
1208 1300 1313 1355 πλὴν
1332 1304 1412 1343 τῶν
1426 1304 1657 1353 βουλευτῶν
1674 1299 1768 1357 ἄγε-

287 1374 413 1421 σθαι,
448 1369 614 1423 ἔννομον
645 1369 718 1424 τὴν
749 1370 997 1411 τεκνοποιίαν
1031 1369 1165 1412 αὐτῶν
1202 1367 1299 1411 εἶναι
1333 1367 1536 1420 κελεύσας.
1605 1370 1688 1412 ἐπεὶ
1722 1369 1768 1412 δὲ

285 1439 421 1495 βρέφη
454 1438 556 1487 τινὲς
579 1436 893 1493 μνηστευόμενοι
917 1438 990 1488 τὰς
1011 1438 1086 1492 μὲν
1110 1441 1191 1480 τῶν
1213 1436 1497 1494 γεγαμηκότων
1519 1438 1769 1495 ἐκαρποῦντο

285 1505 430 1560 τιμάς,
461 1505 506 1548 τὸ
542 1506 584 1548 δ’
621 1506 736 1562 ἔργον
770 1506 904 1549 αὐτῶν
936 1507 983 1549 οὐ
1017 1508 1273 1563 παρείχοντο,
1308 1507 1530 1563 προσέταξε
1562 1508 1796 1562 μηδεμίαν2

286 1573 437 1629 ῗσχύειν
463 1576 681 1629 μνηστείαν
703 1575 806 1628 μεθ’
833 1574 884 1630 ἣν
908 1575 954 1616 οὐ
981 1573 1054 1617 δύο
1080 1573 1327 1618 διελθόντων
1350 1576 1448 1618 ἐτῶν
1472 1575 1598 1626 εὐθὺς
1629 1575 1766 1631 γαμή-

285 1661 346 1687 σει
369 1660 450 1695 τις,
487 1643 668 1686 τουτέστι
693 1644 842 1686 δεκέτιν
865 1642 1025 1694 πάντως
1049 1644 1274 1699 ἐγγυᾶσθαι
1288 1656 1300 1668 ·
1336 1641 1494 1686 δώδεκα
1517 1645 1562 1687 δὲ
1583 1651 1673 1695 ταῖς
1693 1641 1766 1687 κό-

377 1750 401 1785 3
422 1747 585 1795 ὑπείχθη
607 1750 652 1784 Α.
754 1750 776 1784 5
801 1746 823 1784 ὃ
845 1748 908 1785 καὶ
929 1747 1108 1790 πολλάκις
1129 1770 1173 1777 —-
1197 1750 1220 1787 6
1243 1747 1400 1795 ὀχληρὸς
1422 1750 1481 1796 εἴη
1505 1751 1570 1786 Dio
1594 1751 1663 1786 alio
1686 1752 1765 1786 loco

380 1802 513 1839 narrat,
540 1796 743 1841 xiphilinus
766 1797 836 1832 hic.
946 1797 991 1831 14
1013 1797 1109 1841 ταῖς]
1132 1798 1211 1837 τοῖς
1233 1798 1276 1834 Α.
1381 1797 1426 1833 16
1453 1799 1583 1832 πλεῖον
1604 1794 1700 1833 πολὺ
1723 1798 1766 1833 C.

377 1843 423 1878 21
447 1838 565 1882 εὐθὺς
588 1854 643 1876 om
662 1842 694 1876 A
716 1843 798 1877 Dio.
935 1844 981 1878 22
1005 1842 1159 1887 δεκέτην
1182 1844 1225 1879 Β.
1364 1839 1422 1889 δὲ]
1446 1839 1516 1889 γὰρ
1538 1843 1618 1879 Dio.

286 1932 530 1969 tumultuatum
556 1936 610 1967 est
634 1933 677 1967 ob
702 1932 845 1967 comitia
869 1932 1083 1977 consularia,
1125 1936 1163 1967 et
1194 1933 1320 1969 caedes
1349 1935 1475 1969 factae.
1523 1945 1592 1980 quo
1622 1933 1764 1980 cognito

286 1980 444 2024 Caesar,
481 1978 564 2024 quia
595 1979 724 2013 nullum
748 1979 827 2013 mali
849 1979 952 2013 finem
977 1980 1055 2013 sore
1079 1980 1308 2025 providebat,
1343 1980 1488 2015 Romam
1510 1991 1662 2026 propere
1685 1992 1768 2014 con-

286 2027 401 2060 tendit
425 2030 462 2059 et
484 2026 562 2070 ipse
586 2025 759 2058 consulem
783 2025 992 2070 designavit.
1019 2029 1053 2058 et
1076 2026 1158 2070 quia
1183 2038 1221 2060 se
1248 2037 1365 2060 omnes
1389 2031 1429 2061 ut
1454 2023 1685 2072 procederent
1702 2027 1766 2061 ob-

286 2073 380 2107 viam
395 2072 579 2116 parabant,
598 2077 701 2104 noctu
718 2071 897 2115 ingressus
912 2075 985 2112 est3
1013 2076 1119 2116 atque
1135 2071 1171 2105 id
1187 2077 1258 2106 tam
1272 2072 1308 2106 in
1326 2083 1469 2117 egressu
1486 2084 1588 2117 quam
1603 2072 1767 2117 ingressu

286 2118 385 2152 urbis
410 2117 551 2162 saepius
577 2117 673 2160 fecit,
698 2128 741 2150 ne
765 2118 924 2161 cuiquam
949 2122 1044 2151 esset
1065 2117 1201 2162 gravis.
1226 2118 1353 2152 deinde
1378 2118 1541 2164 precibus
1566 2119 1610 2152 ab
1636 2129 1678 2152 eo
1700 2118 1768 2152 im-

285 2167 461 2209 petratum
477 2167 530 2196 est
546 2167 584 2196 ut
600 2174 730 2196 morum
755 2163 956 2207 magistrum
981 2168 1017 2197 et
1039 2174 1216 2197 censorem
1239 2164 1276 2198 in
1296 2164 1565 2209 quinquennium
1589 2175 1628 2198 se
1652 2163 1766 2198 creari

284 2214 487 2256 pateretur:
521 2209 736 2242 consularem
763 2220 848 2242 vero
873 2209 1077 2253 dignitatem
1105 2209 1141 2242 in
1165 2221 1296 2244 omnem
1321 2215 1468 2244 aetatem
1490 2210 1640 2255 accepit.
1690 2220 1766 2245 cum

285 2256 425 2301 quidam
454 2256 497 2289 ob
521 2254 688 2297 insidias,
714 2266 800 2299 quas
826 2259 862 2289 et
884 2255 955 2300 ipsi
981 2259 1018 2288 et
1041 2255 1220 2300 Agrippae
1244 2255 1430 2298 fecissent,
1455 2256 1610 2290 accusati
1635 2260 1765 2299 essent,

285 2301 372 2335 alios
397 2301 564 2345 quosdam
589 2301 762 2345 supplicio
787 2301 926 2344 affecit,
951 2300 1122 2345 Lepidum
1150 2305 1263 2335 autem
1289 2312 1362 2335 cum
1387 2301 1465 2335 aliis
1488 2302 1532 2336 de
1554 2301 1667 2336 causis
1691 2306 1765 2335 tum

283 2348 328 2381 ob
365 2347 510 2380 insidias
545 2357 566 2379 a
597 2346 670 2379 filio
703 2346 799 2380 illius
823 2347 889 2380 sibi
915 2347 1029 2380 factas
1053 2347 1201 2381 invisum
1225 2358 1292 2381 non
1316 2347 1444 2382 occidit
1466 2348 1527 2382 sed
1552 2347 1639 2381 alias
1662 2346 1765 2381 aliter

280 2392 432 2427 ludibrio
457 2398 493 2426 et
516 2392 728 2436 contemptui
755 2392 889 2427 habuit.
928 2398 1072 2437 praeter
1094 2392 1190 2437 leges
1214 2393 1302 2426 alias
1324 2393 1417 2427 illam
1443 2404 1582 2439 quoque
1603 2393 1688 2435 tulit
1712 2396 1764 2436 ut,

283 2439 343 2484 qui
370 2439 405 2472 in
431 2438 581 2471 comitiis
613 2438 781 2482 suffragia
811 2439 1068 2484 corrupissent,
1103 2438 1365 2483 magistratibus
1401 2439 1671 2484 quinquennium
1704 2449 1765 2473 ex-

283 2484 522 2525 cluderentur.
559 2483 654 2517 vitae
680 2484 804 2518 caelibi
829 2489 899 2518 tam
923 2485 1076 2518 virorum
1102 2495 1202 2529 quam
1227 2484 1405 2522 mulierum
1429 2497 1577 2531 poenas,
1602 2484 1763 2529 coniugio

283 2536 319 2564 et
342 2529 579 2574 procreationi
602 2530 790 2563 liberorum
812 2531 969 2575 praemia
991 2529 1194 2575 proposuit3
1222 2535 1257 2563 et
1279 2531 1362 2575 quia
1385 2530 1502 2575 plures
1526 2536 1626 2565 erant
1651 2530 1765 2576 patri-

281 2576 327 2609 cii
352 2587 464 2610 mares
489 2587 590 2621 quam
614 2575 791 2619 femellae,
818 2576 977 2621 permisit
1001 2576 1102 2609 etiam
1128 2576 1310 2609 libertinas
1334 2576 1460 2611 ducere
1485 2576 1515 2610 si
1540 2576 1600 2621 qui
1623 2576 1763 2619 vellent,

281 2621 503 2655 senatoribus
539 2621 715 2667 exceptis,
750 2632 936 2666 eorumque
968 2621 1168 2667 progeniem
1201 2621 1387 2667 legitimam
1421 2634 1498 2656 esse
1532 2621 1646 2656 iussit.
1692 2622 1762 2655 iam

280 2666 361 2711 quia
387 2667 542 2700 nonnulli
568 2667 756 2701 infantibus
780 2667 849 2702 sibi
874 2668 1069 2712 desponsis,
1096 2678 1172 2700 cum
1196 2668 1353 2701 fraudem
1375 2668 1444 2713 legi
1469 2669 1637 2710 facerent,
1662 2667 1762 2712 prae-

281 2712 357 2746 miis
385 2713 565 2755 coniugum
589 2713 817 2757 fruebantur,
843 2714 958 2747 sanxit
981 2725 1024 2747 ne
1049 2724 1118 2758 qua
1140 2714 1318 2757 sponsalia
1343 2718 1420 2748 rata
1446 2717 1564 2748 essent
1587 2712 1658 2752 nisi
1678 2715 1761 2759 post

280 2757 460 2792 biennium
485 2757 628 2803 nuptiae
652 2759 935 2804 celebrarentur,
969 2759 1034 2794 hoc
1057 2764 1127 2802 est,
1154 2765 1195 2793 ut
1216 2759 1352 2805 puellae
1376 2770 1445 2794 non
1470 2759 1619 2801 minores
1643 2758 1762 2795 decem
