1820 3120
275 85 376 132 356
751 84 981 129 loANms
1010 84 1272 149 zemma

274 196 442 248 κτόνους
473 194 699 253 ζηλώσασι,
739 197 808 240 τὸν
838 195 1054 254 Ἁρμόδιον
1086 198 1187 254 λέγω
1223 199 1289 240 καὶ
1323 197 1392 241 τὸν
1419 198 1748 256 Ἀριστογείτονα.

274 265 360 309 εἶτα
383 263 608 320 πυθόμενοι
631 267 695 308 ἐπὶ
717 267 856 320 μεῖζον
878 266 947 309 τὸν
972 267 1166 322 Καίσαρα
1189 266 1401 323 αἴρεσθαι,
1430 265 1452 309 ὃ
1473 267 1546 321 μὲν
1567 265 1751 317 Κάσσιος

273 334 377 391 πρὸς
399 333 494 384 τοὺς
516 331 676 389 Σύρους
701 332 864 390 ὥρμησε
887 333 1078 389 συνήθεις
1101 333 1219 384 ὄντας
1242 335 1374 392 αὐτῷ,
1406 337 1590 392 Βροῦτος
1611 336 1656 379 δὲ
1677 334 1751 390 τήν

274 419 316 444 τε
343 399 523 444 Ἑλλάδα
555 403 622 444 καὶ
656 402 729 456 τὴν
753 404 1018 445 Μακεδονίαν
1048 404 1226 457 συνίστη.
1296 405 1362 445 καὶ
1395 403 1751 460 προσεῖχοναῦτῷ

274 468 316 512 ἴκ
335 487 377 513 τε
396 474 468 525 τῆς
486 468 606 525 δόξης
622 475 701 513 τῶν
719 471 1021 525 πεπραγμένων,
1045 473 1111 513 καὶ
1130 469 1190 513 ὅτι
1209 472 1274 514 καὶ
1294 469 1551 527 στρατιώτας,
1561 469 1749 526 συχνούς,
1761 482 1783 516 5

273 538 370 589 τοὺς
390 539 464 592 μὲν
487 540 530 581 ἐκ
555 543 626 593 τῆς
650 539 751 595 πρὸς
774 537 983 596 Φαρσάλῳ
1006 537 1140 595 μάχης
1163 541 1247 582 ἐκεῖ
1257 547 1341 581 ’που
1362 540 1750 598 περιπλανωμένους,

220 612 251 649 C
275 606 370 658 τοὺς
393 608 436 649 δὲ
459 609 525 649 καὶ
549 608 592 649 ἐκ
615 611 696 650 τῶν
720 611 777 663 τῷ
800 607 1040 666 Δολοβέλλᾳ
1071 606 1393 658 συνεξελθόντων
1415 606 1751 664 ὑπολειφθέντας,

272 676 519 731 προσλαβὼν
553 673 629 728 εἶχε
639 707 652 726 ,
699 676 767 717 καὶ
798 674 994 731 χρήματα
1029 677 1081 719 δέ·
1109 676 1147 718 οἳ
1182 677 1225 718 ἐκ
1259 681 1332 731 τῆς
1363 677 1498 726 Ἀσίας
1530 675 1644 733 παρὰ
1664 680 1753 719 ’τοῦ

273 745 507 800 Τρεβωνίου
533 743 774 786 ἀπέσταλτο.
816 744 862 786 τὸ
887 745 960 798 μὲν
984 739 1054 786 οὖν
1071 743 1303 799 Ἑλληνικὸν
1327 743 1486 795 ἀπόνως
1508 742 1752 801 προσεποιή-

272 828 388 863 σατο,
413 814 479 854 καὶ
503 811 576 866 τὴν
594 813 859 854 Μακεδονίαν
885 813 928 854 δὲ
951 812 1053 867 μετὰ
1076 818 1195 856 τοῦτο
1219 818 1353 856 πᾶσαν
1375 814 1443 860 καὶ
1466 813 1539 868 τὴν
1553 811 1750 869 ”Ηπειρον
1762 822 1808 857 10

271 879 521 936 προσλαβών
553 885 603 936 τῇ
634 881 824 939 γερουσία
856 882 1051 924 ἐπέστειλε
1075 882 1125 925 τὰ
1147 882 1406 937 πεπραγμένα
1429 883 1577 936 δηλῶν.
1645 881 1683 924 οἶ
1707 882 1754 924 δέ

272 948 431 1002 (ἔτυχον
455 949 533 1004 γὰρ
558 946 646 991 τότε
670 947 860 999 ὑπόπτως
883 949 983 1006 πρὸς
1005 950 1075 991 τὸν
1100 951 1294 1006 Καίσαρα
1318 950 1488 1007 ἔχοντες)
1521 951 1588 992 καὶ
1611 947 1752 1006 ἐπῄνε-

273 1033 350 1059 σαν
382 1016 504 1059 αὐτὸν
539 1018 604 1058 καὶ
639 1016 798 1060 πάντων
830 1017 966 1072 ἄρχειν
989 1022 1069 1061 τῶν
1093 1021 1216 1061 ἐκεῖσε
1241 1019 1464 1061 ἐκέλευσαν.
1500 1060 1504 1063 ,
1531 1018 1752 1061 κάντεῦθεν

274 1082 397 1135 αὐτός
420 1102 462 1127 τε
484 1085 616 1141 γέγονε
640 1084 972 1142 προθυμότερος,
997 1088 1064 1128 καὶ
1087 1086 1247 1130 ὑπεῖκον
1270 1087 1588 1145 ἀπροφασίστως
1609 1085 1750 1141 ἔσχηκε

273 1153 319 1196 τὸ
344 1151 536 1206 ὑπήκοον.
603 1155 686 1196 ἐπεὶ
719 1154 765 1197 δὲ
798 1152 819 1196 ὃ
846 1156 1010 1212 Καῖσαρ
1034 1156 1075 1197 ἐν
1098 1161 1148 1213 τῇ
1165 1153 1301 1213 Ῥώμῃ
1326 1173 1371 1202 τε,
1396 1156 1659 1210 ἕνηυθέντησε
1683 1155 1751 1197 καὶ
1761 1164 1807 1201 15

221 1229 254 1264 D
278 1222 373 1272 τοὺς
391 1226 463 1264 τοῦ
480 1221 634 1278 πατρὸς
659 1224 888 1279 ἐτιμωρεῖτο
915 1230 1084 1280 σφαγεῖς
1111 1229 1317 1282 φανερῶς,
1354 1223 1510 1267 ἐσκόπει
1529 1222 1607 1279 ὅπη
1627 1223 1752 1272 αὐτὸν

275 1288 437 1332 ἐπιόντα
455 1289 666 1344 ἀμύναιτο,
691 1292 762 1333 καί
780 1309 891 1342 τινας
914 1292 1131 1346 ἐπιβουλὰς
1153 1291 1255 1350 πρός
1271 1310 1388 1335 τινων
1407 1293 1519 1350 αὐτῷ
1539 1291 1752 1348 γενομένας

277 1356 571 1415 ἀπεκρούσατο.
640 1361 707 1401 καὶ
731 1361 771 1409 ἐς
793 1360 866 1413 τὴν
890 1359 974 1402 ἄνω
998 1362 1264 1403 Μακεδονίαν
1286 1359 1563 1419 ἀνεχώρησεν,
1582 1359 1683 1416 ἔχων
1704 1360 1751 1403 τὸ

58 1439 106 1474 W
129 1437 165 1473 11
189 1436 258 1473 142
280 1426 546 1483 ἰσχυρότατον
569 1432 641 1469 τοῦ
665 1432 866 1483 στρατοῦ,
901 1429 1088 1471 κάκεῖθεν
1111 1431 1168 1480 εἷς
1191 1430 1263 1484 τὴν
1287 1430 1424 1472 Ἀσίαν
1445 1429 1645 1480 ἔπλευσεν,
1681 1430 1752 1470 ἵνα

275 1495 334 1550 μὴ
358 1495 410 1538 τὰ
434 1497 474 1538 ἓν
497 1499 548 1552 τῇ
571 1493 706 1552 Ῥώμῃ
731 1495 986 1553 πραττόμενα
1009 1499 1071 1539 ἐπὶ
1094 1498 1139 1540 τὸ
1165 1497 1445 1555 φοβερώτερον
1479 1496 1808 1554 ἀγγελλόμενα2θ

275 1562 482 1618 μαθόντες
505 1564 542 1605 οἶ
565 1568 807 1619 στρατιῶται
829 1564 1149 1620 μεταβάλωνται.
1184 1564 1259 1609 εἶτ’
1287 1562 1411 1616 αὖθις
1434 1568 1490 1617 εἷς
1511 1566 1588 1622 τὴν
1605 1563 1752 1623 Εὐρώ-

279 1649 359 1687 πην
377 1633 578 1687 ἠπείχθη,
616 1633 751 1682 ὁείσας
772 1631 829 1688 μή
853 1651 890 1676 τι
913 1639 1176 1692 νεωτερισθῇ.

415 1700 538 1743 Κατὰ
568 1699 639 1743 τὸν
673 1701 794 1744 αὐτὸν
829 1703 873 1744 δὲ
903 1703 1044 1760 καιρὸν
1077 1704 1144 1745 καὶ
1175 1700 1196 1744 ὅ
1223 1700 1408 1752 Κάσσιος
1439 1703 1494 1752 εἷς
1515 1702 1590 1757 τὴν
1614 1701 1752 1745 Ἀσίαν

372 1821 393 1856 1
421 1816 597 1899 §glumam
631 1823 713 1854 aute
747 1815 834 1859 τούς
857 1819 900 1854 Α.
1039 1821 1061 1855 5
1086 1831 1124 1855 τε
1147 1831 1202 1855 om
1223 1820 1266 1855 B.
1403 1817 1427 1854 9
1450 1799 1648 1866 τριβωνίου
1670 1818 1746 1854 Ac.

371 1866 418 1900 10
467 1861 483 1898 ὲ
507 1877 561 1900 om
581 1865 623 1902 A.
765 1866 809 1899 15
834 1860 874 1900 ἑν
899 1861 1083 1911 ηὗθέτησε
1106 1866 1150 1901 Α.
1287 1865 1335 1901 20
1357 1862 1620 1911 φοβερώτατον
1641 1866 1685 1903 Α.

280 1966 459 2002 niensibus
483 1970 564 2002 sunt
588 1967 746 2014 excepti,
778 1967 891 2002 aereis
915 1968 1044 2002 statuis
1068 1968 1241 2011 decretis,
1267 1971 1307 2002 ut
1328 1966 1581 2012 Aristogitonis
1604 1969 1643 2000 et
1662 1966 1754 2000 Har-

279 2013 385 2048 modii
414 2013 714 2058 tyrannicidarum
745 2014 989 2050 imitatoribus,
1037 2014 1164 2048 deinde
1192 2019 1371 2048 crescente
1405 2013 1566 2059 potentia
1591 2012 1753 2046 Caesaris

280 2059 426 2094 Cassius
451 2059 494 2093 ad
520 2060 645 2104 Syros,
669 2059 874 2105 quibuscum
898 2060 1116 2094 familiaritas
1140 2061 1171 2094 ei
1192 2060 1445 2102 intercedebat,
1474 2063 1529 2094 est
1549 2059 1751 2104 profectus:

281 2104 412 2140 Brutus
438 2105 596 2140 Graecos
620 2111 657 2139 et
681 2105 893 2140 Macedones
916 2106 983 2140 sibi
1008 2106 1186 2149 adiunxit,
1218 2107 1304 2151 quos
1329 2111 1401 2141 tum
1426 2106 1470 2148 ob
1494 2116 1608 2139 rerum
1633 2103 1752 2149 'gesta-

281 2162 356 2185 rum
380 2150 549 2195 gloriam,
581 2156 654 2185 tum
684 2152 728 2185 ob
763 2151 1015 2186 multitudinem
1049 2151 1190 2186 militum
1222 2163 1309 2196 quos
1340 2151 1465 2197 partim
1497 2163 1518 2185 a
1552 2149 1753 2188 Pharsalica

280 2196 399 2242 pug'na
432 2196 484 2232 ibi
514 2199 718 2231 oberrantes
752 2197 879 2242 partim
912 2209 955 2231 ex
987 2198 1188 2232 Dolabellae
1219 2197 1329 2242 copiis
1363 2196 1505 2231 relictos
1539 2196 1753 2238 adsciverat,

281 2248 355 2277 tum
378 2253 464 2277 vero
491 2242 595 2276 etiam
621 2243 665 2276 ob
691 2243 874 2287 pecuniam
898 2255 919 2278 a
942 2244 1123 2279 Trebonio
1149 2255 1192 2277 ex
1214 2244 1302 2278 Asia
1326 2239 1474 2286 missam,
1499 2241 1594 2277 dicto
1609 2241 1754 2277 audien-

281 2294 338 2322 tes
362 2288 524 2322 habebat.
574 2289 726 2322 Graecia
749 2290 838 2323 citra
861 2290 1014 2323 laborem
1038 2294 1219 2335 occupata,
1244 2289 1367 2323 deinde
1384 2289 1591 2326 Macedonia
1613 2298 1754 2332 quoque

283 2334 374 2368 omni
398 2338 434 2368 et
457 2333 566 2380 Epiro
592 2334 746 2378 adscitis,
772 2337 852 2369 acta
873 2347 938 2369 sua
960 2336 1003 2369 ad
1028 2341 1184 2381 senatum
1210 2335 1427 2380 perscripsit.
1475 2334 1535 2379 qui
1559 2345 1634 2368 cum
1659 2334 1753 2367 Cae-

283 2391 396 2414 sarem
418 2385 614 2424 suspectum
640 2380 809 2424 haberet,
834 2392 910 2415 eum
934 2382 1144 2416 collaudavit
1168 2385 1203 2416 et
1225 2381 1300 2415 loca
1322 2381 1382 2414 illa
1404 2381 1517 2423 omnia
1536 2383 1659 2426 tenere
1681 2379 1755 2413 ius-

283 2426 342 2460 sit.
392 2426 485 2463 unde
509 2431 545 2459 et
566 2426 644 2471 ipsc
667 2426 781 2460 factus
807 2434 861 2460 est
884 2426 1051 2471 alacrior,
1074 2432 1110 2461 et
1131 2426 1291 2460 subditos
1315 2427 1405 2460 citra
1429 2426 1667 2471 exceptionem
1690 2427 1755 2459 ob·
1808 2443 1813 2445 ·

284 2470 406 2505 noxios
428 2470 563 2507 habuit.
612 2471 764 2506 Caesare
790 2475 903 2506 autem
927 2473 1060 2507 Romae
1082 2473 1147 2506 iam
1171 2472 1369 2506 dominante
1399 2478 1435 2506 et
1465 2471 1577 2517 patris
1606 2475 1753 2516 percus-

284 2528 383 2550 sores
407 2522 530 2563 aperte
552 2516 761 2560 ulciscente,
797 2529 866 2562 quo
900 2525 1004 2563 pacto
1028 2518 1118 2554 illius
1144 2518 1307 2562 impetum
1331 2517 1554 2563 propulsaret
1578 2517 1755 2562 cogitans,

284 2563 425 2596 evitatis
459 2562 593 2597 insidiis
627 2562 698 2597 sibi
731 2564 836 2599 sactis
869 2563 905 2597 in
936 2565 1149 2610 superiorem
1181 2564 1418 2598 Macedoniam
1444 2575 1519 2609 cum
1541 2562 1753 2598 validissima

283 2612 384 2653 parte
410 2608 586 2654 copiarum
610 2609 805 2653 concessit,
838 2615 944 2655 atque
975 2610 1057 2645 inde
1088 2610 1125 2643 in
1160 2609 1274 2644 Asiam
1306 2609 1508 2654 navigavit,
1544 2620 1588 2642 ne
1609 2607 1751 2653 militum

284 2654 370 2687 fides
393 2653 623 2688 Romanarum
646 2665 761 2688 rerum
785 2655 878 2689 sama
902 2656 945 2690 ad
967 2662 1135 2690 terrorem
1157 2656 1369 2701 amplificata
1391 2660 1596 2690 mutaretur.
1630 2658 1752 2699 postea
1798 2688 1801 2691 .

284 2699 320 2732 in
345 2700 519 2744 Europam
542 2700 658 2743 rediit,
684 2711 848 2735 novarum
871 2713 985 2736 rerum
1006 2706 1112 2736 metu.
1524 2697 1537 2707 ⁴

418 2745 553 2781 Eodem
574 2750 731 2792 tempore
757 2746 899 2782 Cassius
922 2758 1060 2793 quoque
1082 2747 1127 2782 ad
1152 2747 1367 2783 Trebonium
1393 2746 1428 2781 iu
1451 2744 1567 2781 Asiam
1589 2741 1752 2788 traiecit3
