1832 3126
205 82 235 126 8
676 82 902 127 IOANNIS
925 84 1182 128 ZONARAE

334 193 382 236 Ὁ
402 195 475 247 μὲν
498 189 568 237 οὖν
580 196 772 254 Νομίτωρ
795 203 878 247 τοῖς
906 215 947 240 τε
978 196 1110 253 λόγοις
1140 200 1212 240 τοῦ
1229 193 1385 250 Ῥώμου
1407 198 1474 239 καὶ
1491 200 1543 254 τῇ
1560 196 1655 253 ὄψει

205 263 306 319 πρὸς
335 261 486 305 ἔννοιαν
507 266 579 318 τῆς
601 264 796 316 ἐκθέσεως
816 268 896 308 τῶν
917 269 990 320 τῆς
1013 265 1217 322 θυγατρὸς
1240 262 1394 319 ἔνήγετο
1418 265 1596 318 παίδων,
1630 264 1652 308 ὃ

205 331 248 372 δὲ
274 331 534 381 Φαυστοῦλος
562 331 635 386 τὴν
663 337 736 375 τοῦ
751 331 907 387 Ῥώμου
930 333 1080 388 μαθὼν
1102 330 1301 388 σύλληψιν
1322 331 1392 375 τὸν
1412 333 1484 388 μὲν
1500 330 1657 388 Ῥωμύ-

205 402 276 440 λον
296 402 466 453 βοηθεῖν
486 397 712 457 παρεκάλει,
738 400 826 445 τότε
849 406 992 459 σαφῶς
1014 398 1180 452 διδάξας
1203 400 1323 444 αὐτὸν
1345 401 1435 457 περὶ
1455 404 1527 455 τῆς
1547 401 1656 458 γενέ-

206 481 306 516 σεως
337 464 556 525 (πρότερον
588 468 667 526 γὰρ
698 467 926 526 ὑπῃνίττετο
959 468 1063 513 ὥστ’
1097 469 1244 519 αὐτοὺς
1264 468 1322 524 μὴ
1343 469 1690 527 μικροφρονεῖν),5

205 533 326 584 αὐτὸς
349 535 392 576 δὲ
414 534 487 590 τὴν
508 535 669 594 σκάφην
692 539 862 592 κομίζων
884 535 1023 595 ἐχώρει
1044 538 1145 595 πρὸς
1166 537 1236 580 τὸν
1246 537 1458 594 Νομίτορα
1480 538 1661 592 σπουδῆς

205 603 273 643 καὶ
307 602 422 653 δέους
450 603 608 657 μεστός.
677 612 760 656 τοῖς
782 606 826 648 δὲ
847 608 936 663 περὶ
958 606 1031 656 τὰς
1053 603 1182 656 πύλας
1203 609 1277 648 τοῦ
1291 604 1504 659 Ἀμουλίου
1528 621 1659 663 φρου-

204 675 291 726 ροῖς
320 667 604 728 ὗφορώμενος,
649 675 716 716 καὶ
747 672 1040 731 ταραττόμενος
1072 675 1161 730 περὶ
1192 673 1266 723 τὰς
1299 673 1546 730 ἀποκρίσεις,
1588 672 1660 716 οὗκ

155 750 185 785 c
209 735 332 780 ξ’λαθε
363 739 435 792 τὴν
467 738 625 798 σκάφην
658 746 714 800 τῷ
734 743 924 800 χλανιὸίῳ
946 740 1260 799 περικαλύπτων.
1327 738 1595 795 ὑπολαβόντες
1617 741 1662 784 δὲ

205 805 441 859 κλοπιμαῖόν
474 825 512 850 τι
545 808 678 865 φέρειν
712 808 835 852 αὐτόν
845 841 858 861 ,
893 812 948 860 εἰς
977 810 1099 864 με’σον
1131 809 1204 865 τὴν
1234 807 1395 866 σκάφην
1417 807 1659 866 προήγαγον.
1670 816 1716 852 10

204 871 317 926 ἔτυχε
339 875 387 916 δέ
405 891 465 923 τις
487 876 627 932 παρὼν
650 878 734 918 ἐκεῖ
749 881 829 919 τῶν
849 876 902 919 τὰ
922 876 1119 934 παιδάρια
1141 877 1385 931 ἔκθεμένων·
1409 875 1454 926 ὃς
1475 876 1547 932 τὴν
1559 874 1660 920 σκά-

206 957 288 996 φην
308 942 530 997 γνωρίσας,
566 942 731 999 δραμὼν
756 940 898 999 φράζει
920 947 978 1001 τῷ
995 944 1206 1002 Ἀμουλίῳ.
1260 946 1328 987 καὶ
1350 943 1373 988 ὃ
1399 946 1663 995 Φαυστοῦλος

206 1006 512 1064 ἀνακρινόμενος
554 1011 667 1067 παρὰ
709 1014 781 1052 τοῦ
814 1011 1011 1064 βασιλέως
1044 1009 1246 1063 σώζεσθαι
1283 1012 1357 1065 μὲν
1389 1011 1483 1062 τοὺς
1512 1014 1664 1063 παῖδας

210 1075 429 1128 κατέθετο,
467 1075 604 1134 πόρρω
637 1078 680 1120 δὲ
712 1082 785 1133 τῆς
797 1077 946 1133 Ἄλβης
975 1079 1165 1133 νέμοντας
1189 1076 1307 1122 εἶναι·
1341 1078 1415 1133 τὴν
1438 1079 1482 1121 δὲ
1503 1077 1663 1137 σκάφην

208 1143 309 1199 πρὸς
331 1144 402 1198 τὴν
420 1145 538 1187 Ἰλίαν
561 1147 732 1200 κομίζειν
753 1146 826 1201 τὴν
848 1152 927 1189 τῶν
950 1148 1102 1190 παίδων
1123 1147 1292 1203 μητέρα,
1315 1150 1527 1190 ποθοῦσαν
1549 1149 1717 1190 &siv-15

210 1212 498 1267 τεταραγμένος
522 1214 565 1255 δὲ
586 1212 741 1264 τούτοις
758 1213 968 1268 Ἀμούλιος
991 1214 1121 1272 ἄνδρα
1143 1214 1244 1273 πρὸς
1266 1213 1335 1257 τὸν
1357 1207 1569 1272 Νομίτορα
1592 1216 1663 1258 πέ-

212 1295 347 1335 πομφε
380 1280 680 1335 πυνθανόμενος
703 1282 744 1324 εἶ’
758 1300 796 1325 τι
817 1281 949 1336 μάθοι
971 1284 1060 1340 περὶ
1082 1286 1162 1326 τῶν
1183 1283 1338 1325 παίδων
1361 1281 1415 1333 ὥς
1436 1280 1664 1339 περιόντων.

159 1349 190 1383 D
213 1341 263 1401 ἦν
287 1348 332 1389 δὲ
353 1352 431 1390 τῶν
455 1351 580 1405 φίλων
604 1348 624 1393 ὅ
648 1352 850 1407 πεμφθεὶς
871 1354 929 1409 τῷ
949 1351 1161 1408 Νομίτορι.
1228 1350 1418 1393 ἀπελθὼν
1440 1345 1510 1394 οὖν
1532 1353 1600 1394 καὶ
1622 1353 1664 1394 ἐν

213 1419 470 1471 περιπλοκαῖς
492 1422 565 1460 τοῦ
581 1415 735 1472 Ῥώμου
758 1416 934 1475 εὑρηκώς
955 1419 1023 1461 τὸν
1046 1419 1282 1476 Νομίτορα,
1317 1417 1603 1477 παρεθάρρυνέ
1621 1436 1664 1470 τε

214 1484 279 1524 καὶ
291 1483 350 1538 μὴ
362 1485 519 1537 μέλλειν
534 1486 669 1536 αὐτοῖς
691 1485 946 1540 συνεβούλευε
969 1489 1035 1529 καὶ
1056 1486 1177 1537 αὐτὸς
1196 1487 1239 1529 δὲ
1252 1487 1527 1543 συνέπραττεν.
1573 1486 1664 1544 ἄρτι
1673 1493 1720 1528 20

215 1551 260 1592 δὲ
283 1553 348 1593 καὶ
372 1550 393 1594 ὁ
411 1551 621 1606 (Ρωμύλος
643 1554 756 1610 ἔγγὺς
776 1549 838 1610 ἦν,
856 1562 973 1612 χεῖρα
996 1555 1143 1610 συχνὴν
1162 1554 1390 1612 ἀγροικικὴν
1403 1554 1664 1611 ἐπαγόμενος·

1796 540 1813 578 ,1

308 1714 330 1748 2
352 1711 507 1759 ἀνήγετο
534 1717 577 1751 Α.
725 1717 746 1754 7
767 1719 847 1758 τοῖς
868 1713 911 1752 δὲ
936 1738 980 1745 —-
1002 1716 1241 1762 ὑφορώμενος
1262 1729 1316 1753 om
1338 1717 1381 1752 B.
1531 1717 1556 1752 8
1576 1714 1669 1759 πρός

308 1755 375 1798 τὰς
395 1757 600 1804 ἀνακρίσεις
617 1762 821 1798 Plutarchus
845 1765 961 1810 vulgo.
1122 1764 1145 1800 9
1167 1763 1341 1810 χλαμιὸίῳ
1364 1762 1459 1806 Bw,
1481 1762 1668 1808 χλαμυδίῳ

307 1805 527 1842 Plutarchus.
665 1807 710 1843 14
727 1809 793 1865 τῇς
806 1806 953 1856 Ἄλβης]
977 1807 1063 1850 τοὺς
1084 1805 1208 1864 ἅλβεις
1226 1810 1272 1844 Α.
1411 1809 1456 1844 18
1478 1808 1546 1843 τοῦ
1566 1808 1668 1853 νομί-

306 1861 422 1893 τωρος
443 1853 486 1890 Α,
510 1852 718 1888 Plutarchus
740 1854 905 1899 ανδροι..
928 1855 996 1890 τοῦ
1018 1856 1239 1900 Νομητορος
1261 1853 1415 1899 φίλον..
1438 1851 1588 1899 ἔπεμψε.

355 1996 528 2031 Numitori
551 2010 593 2032 ex
611 1999 710 2033 Remi
732 2001 851 2034 verbis
871 2005 909 2034 et
930 2000 1028 2034 vultu
1042 1999 1162 2044 tetigit
1182 1999 1329 2034 animum
1349 2000 1509 2033 memoria
1524 1998 1670 2034 filiorum

219 2040 313 2073 filiae
346 2042 406 2085 qui
439 2044 586 2088 expositi
617 2045 786 2081 fuissentz
819 2045 1008 2080 Faustulus
1039 2049 1153 2079 autem
1175 2045 1274 2079 Remi
1304 2044 1510 2089 captivitate
1531 2044 1671 2090 cognita

218 2085 393 2120 Romulum
429 2089 472 2121 ad
504 2100 601 2133 opem
631 2091 734 2124 fratri
766 2091 942 2125 ferendam
966 2091 1145 2134 hortatur,
1177 2095 1365 2137 aperteque
1394 2090 1496 2124 docet
1527 2095 1567 2124 ut
1596 2090 1673 2124 nati

220 2135 337 2164 essent
371 2132 466 2175 (nam
488 2135 585 2178 prius
613 2147 675 2180 per
698 2137 857 2181 ambages
880 2137 915 2171 id
939 2136 1160 2181 significarat,
1185 2147 1229 2170 ne
1251 2135 1433 2170 humilibus
1458 2140 1575 2177 essent
1598 2136 1674 2170 ani-

219 2176 325 2218 mis);
356 2177 433 2222 ipse
466 2190 538 2212 cum
564 2180 661 2214 alveo
686 2183 728 2215 ad
751 2183 964 2217 Numitorem
987 2182 1132 2216 territus
1154 2186 1330 2229 properat.
1377 2193 1452 2215 cum
1476 2187 1589 2229 autem
1611 2192 1672 2215 cu—

218 2221 377 2255 stodibus
403 2224 534 2258 aedium
557 2226 683 2260 Amulii
707 2234 887 2273 suspectus
912 2231 1021 2270 esset,
1055 2232 1089 2261 et
1118 2227 1154 2261 in
1177 2227 1460 2272 responsionibus
1481 2227 1668 2270 vacillaret,

222 2271 256 2300 et
280 2267 415 2302 alveum
443 2275 542 2303 veste
566 2275 684 2316 tegere
710 2278 894 2318 satageret,
918 2273 1027 2307 latere
1050 2273 1126 2307 illos
1151 2284 1218 2306 non
1242 2272 1368 2317 potuit,
1392 2272 1475 2318 quin
1499 2284 1575 2308 eum
1597 2273 1671 2306 fur-

219 2312 286 2346 tivi
315 2312 443 2358 aliquid
473 2317 565 2349 ferre
597 2318 727 2360 opinati
750 2318 882 2352 alveum
904 2319 940 2352 in
958 2318 1102 2352 medium
1132 2319 1343 2363 proferrent.
1386 2324 1457 2352 tum
1483 2323 1598 2352 autem
1619 2318 1671 2352 ibi

221 2357 355 2402 quidam
379 2371 492 2395 eorum
517 2362 638 2396 aderat
659 2364 719 2408 qui
742 2375 866 2409 pueros
889 2366 1144 2410 exposuerant3
1168 2363 1228 2408 qui
1251 2364 1352 2398 alveo
1375 2364 1493 2408 agnito
1510 2365 1554 2398 ad
1566 2363 1671 2398 Amu-

220 2403 302 2436 lium
325 2406 476 2440 accurrit
498 2412 535 2440 et
556 2419 627 2441 rem
653 2410 798 2444 nuntiat.
846 2410 1030 2444 Faustulus
1053 2420 1073 2443 a
1097 2421 1180 2453 rege
1210 2409 1446 2453 interrogatus
1467 2419 1595 2455 pueros
1617 2409 1671 2443 in-

221 2449 368 2483 columes
394 2463 469 2485 esse
492 2454 689 2498 respondit,
722 2455 783 2489 sed
816 2457 935 2500 procul
969 2457 1012 2490 ab
1045 2454 1132 2488 Alba
1162 2455 1313 2499 pecudes
1335 2466 1499 2498 pascere:
1533 2455 1670 2489 alveum

220 2506 305 2528 vero
330 2507 367 2529 se
391 2498 515 2532 afferre
536 2499 623 2533 Iliae
645 2511 828 2545 puerorum
851 2501 971 2544 matri,
1001 2511 1075 2534 eum
1100 2499 1218 2534 videre
1244 2500 1467 2534 desideranti.
1514 2500 1568 2533 his
1591 2505 1669 2534 tur-

222 2540 323 2574 batus
346 2542 496 2578 Amulius
517 2546 685 2589 quendam
708 2547 752 2580 ad
774 2546 987 2580 Numitorem
1008 2546 1115 2580 mittit
1136 2548 1376 2590 percontatum
1401 2557 1444 2579 an
1467 2546 1670 2590 superstites

222 2597 298 2619 esse
325 2597 452 2632 pueros
483 2591 683 2630 audivisset,
731 2592 761 2625 is
786 2604 880 2634 vero,
907 2603 1007 2636 quem
1027 2592 1185 2634 miserat,
1220 2591 1409 2625 Numitoris
1432 2591 1557 2625 amicus
1582 2595 1669 2625 erat.

222 2632 282 2674 qui
313 2643 388 2666 cum
412 2645 525 2668 senem
550 2636 586 2669 in
610 2637 708 2670 Remi
731 2637 886 2682 amplexu
910 2638 1123 2680 invenisset,
1158 2637 1208 2670 eis
1232 2636 1360 2670 animos
1385 2637 1519 2670 addidit
1542 2640 1578 2669 et
1599 2647 1672 2669 rem

221 2681 394 2712 maturare
418 2691 477 2713 eos
500 2681 612 2725 iussit,
636 2688 741 2728 atque
763 2683 838 2728 ipse
861 2684 961 2717 etiam
985 2683 1177 2717 adiumento
1202 2682 1279 2718 fuit.
1327 2681 1391 2716 iam
1407 2682 1569 2716 Romulus
1586 2692 1672 2726 quo—

224 2736 291 2769 que
324 2725 443 2760 aderat
475 2726 508 2759 in
545 2729 699 2772 proximo
729 2741 802 2763 cum
825 2741 947 2774 magna
972 2728 1158 2774 agrestium
1182 2739 1299 2772 manu,
1340 2728 1383 2762 ad
1412 2739 1512 2772 quem
1544 2727 1671 2762 civium
