1820 3120
234 121 334 168 596
709 93 940 164 IOANNIS
973 121 1235 164 zoNARAE

364 235 430 276 Ἐν
465 233 601 288 μέντοι
637 239 721 283 τοῖς
757 237 946 282 πεσοῦσιν
982 235 1025 275 ἐκ
1062 237 1136 276 τοῦ
1167 235 1375 290 Περσικοῦ
1410 231 1712 291 στρατεύματος

230 301 537 356 σκυλευομὲνοις
582 300 764 356 λέγονται
811 303 879 344 καὶ
925 307 1108 357 γυναῖκες
1153 300 1372 358 εὑρεθῆναι
1417 302 1512 351 κατ’
1543 301 1712 360 ἄνδρας

230 371 470 425 ἔσταλμέναι
494 370 560 411 καὶ
593 367 839 423 ὡπλισμέναι
849 401 863 421 ,
900 369 1004 411 ἀλλὰ
1039 372 1104 413 καὶ
1138 371 1261 422 ζῶσαι
1295 373 1479 414 τοιαῦται
1507 374 1710 426 adauxe-

177 447 207 481 B
232 444 359 494 θῆναι
380 437 460 480 ὑπὸ
477 435 700 492 ιΡωμαίων.
770 440 824 480 ἓν.
845 438 890 480 δὲ
922 443 972 495 τῇ
1005 436 1189 496 ἔπανόὸῳ
1220 437 1400 496 φάραγγι
1421 441 1710 499 βαθείᾳπερι-

229 508 363 562 τυχὼν
381 505 403 550 ὃ
422 504 646 563 Σαπώρης,
670 506 719 560 ἢν
743 508 918 549 διελθεῖν
941 513 1026 557 τοῖς
1047 505 1274 563 ὑποζυγίοις
1298 507 1452 564 ἄπορον
1468 501 1708 563 ἦνῑεαζχμαὴ
1720 515 1748 551 5,

229 575 384 626 λώτους
414 575 615 617 ἐκέλευσεν
653 575 920 632 ἀναιρεθῆναι
954 577 1021 617 καὶ
1054 575 1221 632 ῥιφῆναι
1255 576 1359 619 κατὰ
1389 580 1468 629 τῆς,
1485 573 1713 633 φάραγγος,

225 645 282 688 ‘lv'
311 634 439 694 οὕτως
462 648 535 686 τοῦ
555 641 720 697 βάθους
744 644 870 699 αὐτῆς
893 645 1182 700 πληρωθέντος
1205 644 1272 687 διὰ
1295 649 1375 688 τῶν
1397 648 1551 701 νεκρῶν.
1568 642 1712 699 σωμά-
1775 692 1778 695 Δ

227 731 308 757 των
337 712 388 756 τὰ
422 715 540 769 σφῶν
572 712 790 756 ὁιέλθωσιν
821 711 1038 768 ὑποζύγια·
1074 715 1140 755 καὶ
1165 711 1271 756 οὕτω
1297 715 1472 757 διελθεῖν
1494 712 1711 771 ἱστορεῖται

228 782 301 837 τὴν
326 780 533 839 φάραγγα.
868 809 873 815 ·
1591 819 1595 822 .

365 851 450 892 Καὶ
474 850 525 891 τὰ
547 849 622 902 μὲν
645 848 749 891 κατὰ
772 848 842 891 τὸν
872 848 1149 905 Οὐαλεριανὸν
1172 851 1213 892 ἓν
1236 848 1413 900 τούτοις·
1449 853 1523 904 τῆς
1552 849 1597 892 δὲ
1628 853 1708 893 τῶν
1721 860 1767 898 lo

223 917 433 972 Ῥωμαίων
467 918 680 973 ἐκκλησίας
714 922 932 974 καθηγεΐτο
966 915 1151 971 Ξύστος,
1186 923 1258 972 τῆς
1292 920 1337 961 δὲ
1367 922 1447 969 τῶν
1477 917 1710 972 Ἀντιοχέων

228 987 520 1043 Λημητριανὸς
553 984 839 1040 διαδεξάμενος
865 985 1127 1040 Φλαβιανόν,.
1146 991 1223 1041 τῆς
1248 988 1290 1030 δὲ
1312 991 1393 1030 τῶν
1419 984 1711 1044 Ἱεροσολύμων

221 1054 438 1110 ’Υμέναιος
472 1053 734 1107 Μαζαβάνου
766 1054 990 1107 θανόντος,
1037 1060 1110 1111 τῆς
1143 1055 1186 1098 ‹5'
1222 1056 1262 1098 ἐν
1292 1055 1575 1116 Ἀλεξανδρείᾳ
1607 1071 1711 1112 προ-

232 1126 371 1168 ίστατο
397 1122 626 1173 Διονύσιος.

175 1202 206 1236 c
366 1192 436 1234 24.
506 1192 632 1235 Μετὰ
665 1191 710 1233 δὲ
742 1190 811 1233 τὸν
846 1190 1123 1247 Οὐαλεριανὸν
1153 1193 1195 1233 Γ
1192 1195 1354 1247 αλιῆνος
1387 1189 1409 1234 ὅ
1441 1191 1588 1235 ἐκείνου
1621 1190 1710 1246 υἱὸς
1721 1203 1764 1238 15

224 1265 300 1316 τῆς
321 1266 402 1303 τῶν
419 1259 631 1314 Ῥωμαίων
653 1257 872 1315 ἡγεμονίας
893 1260 1049 1316 γέγονεν
1072 1259 1287 1317 ἐγκρατής,
1332 1259 1378 1304 ὃν
1401 1258 1423 1302 ὅ
1446 1259 1579 1317 πατὴρ
1603 1259 1707 1302 κατὰ
1728 1285 1733 1290 -

224 1333 402 1386 Περσῶν
436 1327 752 1386 στρατευόμενος
789 1331 843 1378 εἷς
877 1329 928 1371 τὰ
962 1327 1127 1386 ἑσπέρια
1159 1329 1266 1371 εἴασε
1298 1335 1382 1379 τοῖς
1413 1330 1530 1386 ἐν’τῇ
1548 1328 1708 1388 ’Ἰταλίᾳ

225 1396 488 1455 ἐφεδρεύουσι
522 1399 589 1439 καὶ
624 1403 708 1447 τοῖς
739 1396 812 1450 τὴν
840 1396 1007 1456 Θρᾴκην
1038 1397 1288 1452 ληϊζομένοις
1312 1387 1707 1451 ’ἀντικαθίστασθαα

226 1466 271 1517 ὃς
297 1467 562 1520 Ἀλαμαννοΐς
586 1467 674 1522 περὶ
698 1464 913 1520 τριάκοντα
934 1464 1141 1522 μυριάδας
1163 1461 1253 1508 οὖσι
1276 1468 1364 1523 περὶ
1388 1465 1440 1509 τοὶ
1463 1463 1708 1509 Μεδιόλανα

226 1534 450 1589 συμβαλών
484 1534 587 1587 μετὰ
617 1535 774 1590 μυρίων
797 1534 995 1588 ἐνίκησεν·
1033 1532 1117 1576 εἶτα
1140 1536 1208 1577 καὶ
1231 1532 1477 1590 Αἷρούλοις,
1511 1537 1707 1592 Σκυθικῷ
1717 1547 1764 1582 20

227 1603 328 1659 γε’νει
366 1604 434 1645 καὶ
470 1604 511 1643 Γ
509 1606 662 1661 οτθικῷ
670 1634 684 1654 ,
730 1602 957 1653 ἐπεξελθὼν
992 1601 1223 1661 ἐκράτησεν.
1292 1603 1511 1658 ἐπολέμησε
1553 1603 1597 1645 δὲ
1639 1604 1706 1645 καὶ

232 1669 450 1729 Φράγγοις.

322 1802 367 1835 12
394 1797 623 1844 Φλαβιανόν]
653 1797 797 1844 Φάβιον
821 1799 1011 1835 Eusebius.
1151 1800 1195 1835 16
1218 1800 1291 1834 τῶν
1314 1812 1367 1835 om
1391 1799 1435 1836 A.
1554 1800 1599 1836 19
1621 1796 1707 1835 ἅλε-

319 1849 452 1892 μανοῖς
469 1846 509 1882 Β.
605 1846 651 1881 20
675 1842 865 1889 αἰρούλοις
887 1846 949 1880 Ac
975 1851 1010 1881 et
1033 1846 1172 1881 codices
1187 1847 1383 1892 Ducangii,
1405 1841 1599 1891 Αἴρούλοις
1616 1847 1706 1882 PW.

319 1894 364 1927 21
390 1889 638 1936 ἐπεκράτησεν
661 1891 737 1926 AB.

365 1984 537 2018 Fowrsss.
591 1983 689 2027 Cap.·
705 1982 764 2017 24.
813 1982 885 2017 Dio
912 1983 1167 2030 continuatus,
1203 1990 1246 2020 ut
1269 1985 1430 2020 videtur.-
1464 1984 1558 2021 Eme.
1591 1983 1703 2021 Vatia.

318 2029 389 2065 118
409 2041 448 2075 p.
472 2028 563 2073 235,
596 2035 630 2064 et
655 2028 721 2063 122
744 2039 779 2074 p.
804 2027 873 2064 239
897 2035 987 2066 extr.

364 2142 462 2177 Inter
494 2142 709 2188 spoliandum
741 2143 913 2177 cadavera
936 2143 1119 2177 Persarum
1143 2143 1305 2178 dicuntur
1332 2143 1436 2178 etiam
1459 2143 1620 2178 mulieres
1642 2143 1705 2179 ha-

228 2189 308 2224 bitu
334 2194 370 2223 et
393 2188 498 2222 armis
524 2189 678 2222 virorum
703 2194 847 2222 ornatae
871 2194 1053 2233 repertae,
1083 2194 1119 2223 et
1141 2190 1229 2223 tales
1253 2189 1385 2235 aliquot
1407 2189 1511 2223 vivae
1532 2200 1552 2223 a
1576 2190 1705 2224 Roma-

227 2236 283 2269 nis
308 2240 432 2280 captae
455 2246 546 2269 esse.
595 2235 747 2280 Sapores
772 2246 856 2268 vero
880 2246 956 2268 cum
980 2235 1015 2268 in
1041 2236 1157 2270 reditu
1180 2236 1215 2269 in
1245 2235 1448 2281 profundam
1471 2235 1597 2270 vallem
1620 2235 1705 2269 inci-

227 2281 350 2324 disset,
376 2292 440 2325 per
467 2292 568 2335 quam
591 2280 754 2314 iumentis
777 2281 946 2315 transitus
970 2293 1036 2315 non
1060 2283 1224 2327 patebat,
1247 2281 1408 2327 captivos
1431 2281 1584 2315 interfici
1609 2287 1644 2315 et
1666 2282 1704 2315 in

226 2327 354 2361 vallem
385 2326 492 2360 abiici
525 2326 691 2371 iussisse,
733 2327 855 2372 itaque
884 2328 1098 2372 complanata
1131 2327 1221 2362 valle
1253 2339 1318 2374 per
1349 2327 1521 2361 cadavera
1551 2327 1705 2362 iumenta

225 2371 428 2408 traduxisse
452 2372 575 2406 fertur.

366 2419 418 2452 Ac
446 2429 520 2452 cum
548 2417 733 2451 Valeriano
758 2418 811 2452 sic
834 2422 947 2452 actum
970 2423 1046 2452 est:
1079 2418 1267 2460 Romanam
1297 2422 1412 2453 autem
1435 2417 1615 2453 ecclesiam
1639 2429 1703 2463 gu-

227 2464 392 2499 bernavit
412 2462 569 2508 Xystus,
605 2463 854 2498 Antiochenam
881 2464 1122 2498 Demetrianus
1145 2464 1306 2500 Flaviani
1337 2475 1540 2508 successor,
1577 2464 1703 2499 Hiero-

229 2509 472 2555 solymitanam
494 2509 690 2544 Mazabano
718 2515 852 2544 mortuo
876 2510 1113 2553 Hymenaeus,
1134 2510 1401 2545 Alexandrinam
1425 2509 1626 2555 Dionysius.

369 2555 426 2591 24.
476 2556 562 2589 Post
583 2555 806 2589 Valerianum
831 2556 1008 2590 Gallienus
1044 2556 1135 2590 illius
1167 2556 1259 2590 filius
1283 2556 1421 2601 imperii
1442 2556 1588 2590 Romani
1611 2555 1704 2602 poti-

230 2606 289 2635 tus
313 2606 388 2644 est,
425 2613 446 2635 a
469 2607 568 2646 patre
592 2608 717 2635 contra
740 2602 864 2635 Persas
888 2603 1038 2636 abeunte
1059 2602 1096 2636 in
1121 2602 1300 2636 occidente
1322 2602 1484 2646 relictus,
1509 2607 1547 2637 ut
1570 2602 1615 2636 iis
1641 2601 1702 2647 qui

230 2646 358 2681 Italiae
383 2648 470 2681 male
491 2648 691 2691 cogitarent
712 2652 748 2681 et
772 2648 958 2682 Thraciam
984 2654 1163 2682 vastarent
1195 2648 1385 2682 resisteret.
1432 2649 1493 2694 qui
1524 2660 1598 2683 cum
1631 2659 1701 2682 non

230 2692 377 2737 amplius
405 2694 520 2727 decem
545 2693 636 2727 milia
660 2693 825 2737 haberet,
858 2698 1016 2727 trecenta
1039 2693 1135 2727 milia
1156 2694 1421 2728 Alemannorum
1445 2695 1542 2730 iuxta
1565 2694 1703 2728 Medio-

230 2740 346 2773 lanum
380 2739 484 2772 vicit:
519 2739 644 2774 deinde
676 2739 827 2774 Herulos
861 2740 988 2783 etium,
1025 2744 1163 2784 gentem
1193 2740 1390 2785 Scythicam
1423 2744 1460 2775 et
1490 2741 1702 2783 Gotthicam‚

231 2783 450 2831 profligavit.
493 2785 605 2830 gessit.
627 2790 662 2820 et
686 2796 763 2820 cum
786 2786 936 2821 Francis
958 2785 1095 2821 bellum.
