1820 3120
250 113 280 160 5
288 114 311 159 1
321 113 349 158 2
720 111 950 156 IOANNIS
985 110 1249 155 ZONARAE

247 231 322 271 τοῦ
342 229 415 280 τῆς
439 225 587 276 οἰκίας,
623 225 664 267 ἐν
686 217 714 282 ᾗ
737 225 870 280 διῆγε,
905 223 1219 279 συμπτώματος.
1272 225 1458 283 ἀριθμοῦ
1468 225 1526 269 ‘dd
1546 231 1726 283 κρεῖττον

247 298 408 349 πλῆθος
431 292 684 349 συγκέχωστο
708 300 792 343 τοῖς
815 291 1102 347 συμπτώμασι.
1170 295 1237 335 καὶ
1264 293 1302 335 οἳ
1324 293 1398 347 μὲν
1419 292 1727 350 συντριβόμεναι
1780 334 1784 342 ,

247 367 306 422 τῷ
326 361 446 419 βάρει
469 366 549 404 τῶν
570 360 900 404 καταπιπτόντων
923 359 1182 413 ἀπώλλυντο,
1218 361 1256 403 οἱ
1288 362 1331 403 δὲ
1361 362 1403 404 ἐν
1425 362 1624 414 διακένοις
1643 363 1726 423 τισὶ

247 431 422 486 τυχαίως
444 431 749 484 συμβαίνουσιν,
784 427 890 473 οὕτω
921 433 1002 472 τῶν
1030 427 1139 472 ὖλῶν
1161 434 1491 484 συμπιπτουσῶν,
1525 428 1726 484 διασωζό-

247 516 384 553 μενοι,
419 499 598 549 ἐξελθεῖν
630 498 670 540 δ’
708 498 861 540 ἐκεῖθεν
898 497 972 540 οὐκ
1007 495 1211 552 ἰσχύοντες
1220 530 1233 549 ,
1276 501 1386 556 λιμῷ
1421 499 1757 556 διεφθείροντο·5

249 565 454 623 ἐπεκράτει
487 566 565 623 γὰρ
601 564 621 608 ὃ
658 564 797 616 κλόνος
829 569 903 620 τῆς
933 568 1006 621 γῆς
1039 566 1109 623 ἐφ’
1146 564 1300 622 ἡμέρας
1334 564 1501 618 πολλάς.
1566 558 1648 622 ἤδη
1681 567 1726 609 δὲ

248 635 510 689 παυσαμένης
539 638 611 688 τῆς
638 639 857 691 συμφορᾶς
879 635 1002 688 ἐπέβη
1026 651 1087 684 τις
1109 633 1407 691 ἀναθαρσήσας
1428 639 1509 678 τῶν
1531 635 1726 689 ἐρειπίων,

196 712 229 746 D
253 706 320 746 καὶ
343 703 490 758 ἤκουσε
511 701 675 757 βοώσης
697 702 882 745 κάτωθεν
905 701 1105 758 γυναικός.
1175 701 1439 760 ἀνορύξαντες
1459 697 1535 746 οἶν
1555 703 1629 759 τὴν
1652 701 1726 747 ἅν-

247 776 419 828 θρωπον
456 770 733 822 ἀνεσώσαντο,
781 772 849 812 καὶ
886 772 1045 813 παιδίον
1083 771 1287 828 φέρουσαν
1318 770 1566 826 ὖπομάζιον,
1608 770 1633 816 ὃ
1667 774 1728 830 τῷ

247 839 417 896 γάλακτι
451 839 628 897 ἔτρεφεν,
673 839 778 881 ἀλλὰ
810 840 947 894 μέντοι
980 842 1046 882 καὶ
1079 838 1239 895 ἑαυτήν.
1308 841 1351 883 ἐκ
1385 839 1533 884 τούτου
1568 838 1636 884 καὶ
1673 839 1782 887 ‘coilo

246 909 368 951 λοιπὰ
402 907 670 962 ἀνεχώννυον·
709 907 802 950 ἀλλ’
841 909 916 962 οὐχ
952 902 1067 964 εὗρον
1101 907 1251 960 ζῶντάς
1283 926 1403 960 τιναςΙ
1425 908 1530 964 πλὴν
1559 909 1724 965 παιδίου

248 975 359 1028 ἑνός,
395 981 452 1033 τῷ
476 980 580 1034 λιμῷ
606 977 649 1018 δὲ
676 977 912 1033 φθαρέντας
936 974 1121 1027 πολλούς.
1511 1020 1517 1025 ,

377 1044 526 1102 ’Έαρος
556 1046 598 1086 δ’
629 1044 863 1095 ἐπιστάντος
886 1045 990 1087 κατὰ
1014 1049 1094 1088 τῶν
1116 1043 1308 1101 Πάρθων
1331 1038 1455 1096 αὖθις
1475 1042 1678 1102 ἐχώρησεν
1701 1041 1723 1087 ὅ

251 1111 474 1169 Τραϊανός·
500 1115 567 1155 καὶ
590 1118 663 1167 τῆς
686 1131 727 1156 τε
745 1114 988 1168 Ἀδιαβηνῆς
1008 1112 1169 1168 ἁπάσης
1193 1112 1422 1168 ἐκράτησεν,
1445 1113 1472 1168 ἢ
1493 1113 1619 1171 μέρος
1639 1114 1725 1157 ἐστὶ

246 1186 319 1236 τῆς
347 1181 564 1239 Ἀσσυρίας
597 1187 670 1236 τῆς
706 1183 796 1237 περὶ
829 1184 967 1234 Νίνον,
1003 1184 1071 1224 καὶ
1107 1186 1186 1224 τῶν
1218 1183 1259 1223 Γ
1256 1180 1504 1238 αυγαμήλων
1537 1183 1615 1226 καὶ·
1641 1186 1722 1225 τῶν
1733 1195 1779 1230 15

239 1248 462 1305 Ἀρβήλων,
497 1250 599 1306 παρ’
637 1247 697 1301 οἷς
726 1250 987 1306 Ἀλέξανδρος
1010 1251 1079 1293 τὸν
1103 1251 1279 1307 Δαρεῖον
1302 1251 1479 1306 ἐνίκησε·
1514 1253 1582 1294 καὶ
1603 1250 1724 1307 μέχρι

245 1323 317 1372 τῆς
341 1321 592 1372 Βαβυλῶνος
614 1323 821 1375 προῆλθεν
847 1319 984 1373 αὐτῆς.
1051 1317 1284 1374 ἐπεραιώθη
1319 1319 1363 1362 δὲ
1393 1318 1459 1361 καὶ
1486 1319 1556 1362 τὸν
1582 1321 1724 1375 Τίγριν

247 1388 313 1428 καὶ
338 1389 393 1436 εἷς
414 1386 487 1441 τὴν
511 1388 786 1444 Κτησιφῶντα
811 1390 1010 1442 εἰσῆλθεν.
1069 1387 1239 1444 ἱμείρετο
1261 1388 1399 1442 μέντοι
1422 1389 1488 1430 καὶ
1512 1388 1586 1443 τὴν
1604 1387 1725 1444 Ἐρυ-

245 1455 358 1511 θρὰν
382 1457 610 1497 εἰσπλεῦσαι
636 1453 868 1507 θάλασσαν,
902 1455 928 1510 ἢ
963 1462 1089 1511 μοῖρα
1120 1456 1194 1510 μὲν
1225 1460 1299 1498 τοῦ
1327 1455 1522 1499 Ὠκεανοῦ
1553 1456 1722 1511 λέγεται,

61 1528 91 1562 P
113 1528 133 1564 Ι
154 1527 222 1564 587
247 1523 433 1578 κέκληται
459 1523 501 1565 δ’
531 1522 659 1574 οὕτως
681 1522 760 1566 α’πό
784 1540 890 1573 τινος
913 1524 953 1565 ἐν
977 1525 1079 1581 αὐτῇ
1104 1522 1460 1575 δυναστεύσαντος.
1512 1523 1654 1567 ἐνενόει
1676 1525 1789 1575 δέ20,

246 1593 314 1634 καὶ
340 1589 515 1643 Ἰνδούς,
550 1594 617 1634 καὶ
649 1592 778 1646 ἔλεγεν
811 1590 865 1641 ὡς
893 1590 959 1634 “ei
987 1593 1076 1642 νέος
1105 1591 1162 1635 ἔτι
1194 1587 1258 1647 ἦν,
1292 1594 1359 1634 καὶ
1390 1593 1456 1634 ἐπ’
1490 1593 1640 1644 αὐτοὺς
1671 1591 1722 1635 ἂν

246 1658 547 1715 ἐπεραιώθην.”
618 1661 659 1702 ἐν
696 1655 728 1718 ᾧ
766 1660 810 1702 δὲ
842 1658 977 1718 χρόνῳ
1015 1661 1078 1703 ἐπὶ
1110 1661 1180 1703 τὸν
1211 1660 1403 1703 Ὠκεανὸν
1435 1662 1619 1704 κατέπλει
1653 1662 1723 1703 καὶ

247 1723 370 1778 αὖθις
410 1727 592 1783 ἀνήγετο,
639 1729 717 1772 ὅσα
757 1727 942 1771 ἑάλωσαν
983 1727 1180 1787 πρότερον
1220 1729 1471 1772 ἀποστασίαν
1511 1728 1723 1785 ἐνόσησαν.

338 1846 360 1879 5
377 1841 444 1890 οὐχ
460 1846 550 1879 PW.
621 1841 845 1889 ἐξισχύοντες
861 1845 903 1880 Α.
966 1845 1011 1880 14
1027 1843 1148 1892 ποίσης
1161 1846 1206 1884 Α.
1269 1847 1312 1882 15
1330 1847 1395 1890 τῆς
1405 1842 1589 1891 Ἀσσυρίας
1603 1859 1656 1882 om
1673 1847 1718 1883 C.

337 1888 515 1932 α’σσυρίας
538 1891 567 1924 Α
592 1891 804 1936 xiphilinus,
828 1891 970 1935 Συρίας
992 1893 1083 1927 PW.
1221 1891 1441 1939 γαγοιμήλων
1465 1895 1507 1928 Α.
1542 1893 1630 1927 haec
1653 1892 1718 1927 ali-

337 1942 393 1972 ter
415 1938 507 1983 apud
531 1937 757 1982 Xiphilinum.
897 1937 939 1972 17
968 1938 1095 1982 τίγρην
1115 1938 1222 1973 ABc.
1346 1939 1391 1973 21
1415 1936 1499 1980 νέος
1520 1935 1574 1974 ἔτι
1594 1939 1626 1975 Α
1648 1939 1719 1974 Xi-

336 1982 500 2029 philinus,
525 1980 578 2018 ἕτι
600 1980 684 2024 νέος
708 1984 800 2019 PW.
917 1984 963 2018 22
982 1980 1197 2030 ἐπεραιώθη
1220 1984 1266 2020 Α.

243 2084 298 2118 nis
321 2083 501 2118 innumera
525 2083 704 2119 multitudo
729 2084 858 2130 periit3
894 2085 954 2119 alii
981 2085 1157 2130 gravitate
1189 2086 1288 2120 molis
1323 2085 1505 2131 oppressi,
1539 2085 1621 2131 alii,
1656 2085 1718 2132 qui

241 2131 390 2164 fortuito
407 2130 642 2164 aedificiorum
662 2142 745 2164 casu
770 2131 806 2164 in
831 2132 929 2165 cavis
951 2132 1038 2165 locis
1061 2131 1185 2165 inclusi
1209 2132 1428 2178 perfringere
1450 2143 1518 2165 non
1540 2137 1716 2178 poterant,

242 2176 300 2210 illa
331 2176 558 2210 concussione
592 2188 655 2222 per
690 2177 765 2210 dies
796 2178 993 2222 complures
1023 2177 1195 2222 durante,
1230 2179 1320 2212 fame
1342 2178 1534 2223 perierunt.
1580 2177 1720 2224 tandem

242 2222 365 2256 sedata
399 2222 593 2255 calamitate
616 2222 751 2266 quidam
778 2223 897 2257 ruinas
922 2224 1158 2257 conscendere
1182 2234 1286 2258 ausus
1309 2222 1483 2258 mulierem
1506 2223 1598 2257 infra
1619 2223 1720 2258 voci-

240 2269 413 2301 ferantem
445 2267 595 2301 audivit=
629 2279 731 2312 quam
765 2275 896 2303 remota
928 2269 1073 2303 materia
1104 2270 1311 2306 eduxerunt.
1359 2269 1498 2303 ferebat
1521 2273 1634 2303 autem
1656 2268 1718 2303 illa

239 2325 384 2358 puerum
409 2313 445 2346 in
469 2312 578 2354 ulnis3
602 2325 715 2358 quem,
742 2319 780 2347 ut
805 2321 840 2349 et
863 2315 1094 2361 semetipsam,
1119 2316 1285 2349 uberibus
1309 2314 1382 2349 suis
1408 2314 1555 2351 aluerat.
1588 2314 1716 2350 deinde

241 2359 351 2392 ruinis
386 2359 487 2392 etiam
515 2360 664 2393 caeteris
688 2360 831 2394 remotis
857 2361 966 2395 nullos
990 2361 1151 2394 viventes
1174 2366 1318 2406 praeter
1341 2371 1444 2394 unum
1467 2371 1611 2407 puerum
1633 2371 1716 2406 rep-

241 2409 428 2450 pererunt3
454 2403 514 2449 qui
537 2410 652 2439 autem
675 2406 765 2439 fame
788 2407 979 2451 perierant,
1004 2406 1143 2442 multos.

379 2450 453 2484 Sub
487 2461 628 2484 vernum
662 2457 796 2497 tempus
827 2452 1001 2486 Traianus
1036 2452 1149 2486 denuo
1186 2456 1312 2486 contra
1343 2450 1493 2485 Parthos
1534 2451 1714 2497 profectus

241 2499 314 2529 tota
340 2495 520 2530 Adiabene
544 2497 677 2541 potitus
709 2504 764 2531 est
796 2499 857 2541 (ea
881 2510 964 2543 pars
989 2502 1046 2531 est
1070 2498 1235 2542 Assyriae
1259 2498 1357 2531 iuxta
1380 2497 1528 2541 Ninum)
1553 2503 1591 2532 et
1615 2498 1714 2532 Gau-

240 2542 384 2584 gamelis
419 2547 455 2575 et
483 2542 640 2587 Arbelis,
677 2543 736 2576 ubi
768 2543 910 2578 Darium
942 2543 1135 2577 Alexander
1170 2543 1267 2578 vicit.
1314 2548 1354 2585 et·
1384 2543 1426 2576 ud
1457 2543 1569 2589 ipsam
1599 2552 1713 2588 usque
1818 2577 1820 2579 ,

238 2587 453 2630 Babylonem
478 2599 697 2632 progressus,
722 2589 826 2633 Tigri
845 2589 997 2623 traiecto
1015 2589 1273 2635 Ctesiphontem
1297 2594 1352 2622 est
1374 2588 1566 2633 ingressus.
1591 2589 1711 2634 cupie-
1772 2630 1774 2632 ,
1798 2624 1801 2626 .

239 2633 302 2665 bat
325 2633 428 2666 etiam
454 2633 689 2677 Erythraeum
715 2647 809 2669 mare
833 2636 994 2678 lustrare,
1019 2646 1108 2680 quae
1133 2635 1266 2669 Oceani
1289 2645 1370 2679 pars
1392 2639 1459 2677 est,
1486 2646 1507 2668 a
1530 2646 1614 2679 rege
1636 2635 1712 2668 eius
1803 2655 1806 2662 ι

239 2678 305 2711 1οοί
330 2679 477 2722 quodam
500 2691 621 2714 nomen
645 2680 786 2725 adepta.
833 2681 934 2715 etiam
960 2681 1064 2715 Indos
1087 2681 1200 2714 animo
1224 2680 1402 2724 agitabam
1427 2680 1655 2726 dicebatque,
1680 2680 1710 2714 si

238 2723 353 2756 iunior
376 2729 490 2766 esset,
525 2737 563 2758 se
586 2726 664 2760 illos
689 2737 827 2772 quoque
850 2728 1051 2773 petiturum.
1099 2726 1178 2760 dum
1203 2738 1286 2760 vero
1311 2727 1354 2760 ad
1380 2726 1556 2760 Oceanum
1583 2726 1710 2769 tendit,

238 2773 346 2813 atque
369 2769 450 2803 inde
473 2772 685 2815 revertitur,
707 2773 734 2807 ii
757 2784 844 2817 quos
868 2773 993 2807 dudum
1017 2773 1226 2817 subegerat,
1250 2772 1294 2807 ad
1318 2772 1549 2808 defectionem
1572 2778 1711 2818 specta-
