1820 3120
297 85 329 131 3
339 84 400 131 18
774 82 1004 128 IOANNIS
1039 84 1302 128 ZONARAE

297 196 579 253 παρήγγελλεν.
649 198 962 252 ἐναντιουμένων
995 197 1037 239 δ’
1075 195 1221 254 ἑτέρων
1243 196 1397 242 ἐσιώπα
1419 197 1651 255 Πομπήϊος.
1720 198 1777 251 ὥς

298 267 342 308 δὲ
365 264 386 307 ὃ
412 266 576 321 Καῖσαρ
601 265 775 316 πολλοὺς
798 265 850 308 τὰ
873 266 999 308 αὐτοῦ
1023 272 1184 322 φρονεῖν
1209 266 1387 311 ἀνέπεισε
1404 266 1589 324 χρήμασι
1596 283 1618 322 ,·
1641 269 1778 319 δείσας

297 333 371 387 τὴν
395 331 591 375 σύστασιν
616 331 637 375 ὅ
661 332 882 389 Πομπήϊος
904 326 1141 390 ἀναφανδὸν
1164 334 1222 376 δι’
1259 333 1503 379 ἑαυτοῦ-καὶ
1534 337 1616 385 ’ἰῶν
1646 339 1776 396 φίλων

297 400 620 457 ἐπραγματεύετο
653 406 865 457 παυθῆναι
899 402 969 444 τὸν
993 404 1188 457 Καίσαρα
1219 407 1293 458 τῆς
1323 404 1453 459 ἀρχῆς
1473 403 1774 462 ψηφιζόμενος·

298 463 356 512 ὧν
377 470 524 520 ἐκεῖνος
549 471 642 513 οὐδ’
670 470 775 520 ὅλως
798 469 1040 528 ἐφρόντιζεν.
1110 471 1223 526 ἠξίου
1259 473 1303 514 δὲ
1333 470 1354 514 ὃ
1379 474 1551 531 Καῖσαρ
1579 471 1702 520 αὐτόν
1723 491 1774 517 τε

299 538 387 592 ἅμα
418 540 485 580 καὶ
520 539 590 581 τὸν
617 538 842 593 ·Πομπή“ιὀν
876 539 1179 592 καταθεμένους
1215 540 1267 582 τὰ
1305 539 1410 583 ὅπλα
1447 542 1678 589 ἰδιωτεῦσαι
1709 544 1777 584 καὶ

298 602 523 662 &aqum-'zi
554 608 594 649 δ”
631 607 754 650 αὐτὸν
784 608 859 662 μέν
892 607 1165 664 ἀφαιροῦνται
1197 608 1270 662 τὴν
1304 608 1448 665 ἀρχήν,
1483 610 1617 668 ἐκείνῳ
1641 611 1685 653 δὲ
1704 615 1778 665 βε-

296 679 484 729 βαιοῦσι,
529 675 599 717 τὸν
622 676 756 731 ἕτερον
779 674 1122 728 κατασκευάζουσι
1146 675 1357 733 τύραννον.
1425 677 1579 734 λέγεται
1609 679 1657 721 δέ
1687 695 1778 721 τινα

299 748 380 786 τῶν
403 743 515 797 παρὰ
540 745 752 799 Καίσαρος
776 745 999 786 σταλέντων
1024 748 1266 799 ταξιαρχῶν,
1299 742 1493 799 μαθόντα
1526 745 1591 801 μὴ
1621 745 1779 789 διδόναι

245 817 278 853 D
304 812 377 865 τὴν
399 813 611 867 γερουσίαν
634 817 705 866 τῆς
728 812 855 867 ἀρχῆς
872 811 1020 869 χρόνον
1043 818 1100 870 τῷ
1123 815 1323 870 Καίσαρι,
1341 811 1466 856 “ἀλλ’
1493 813 1625 870 afim?
1650 813 1778 874 φάναι

294 878 495 931 “ὃώσει”,
530 878 761 935 κρούσαντα
784 886 833 938 τῇ
853 883 959 937 χειρὶ
984 881 1058 935 τὴν
1081 886 1155 924 τοῦ
1177 883 1320 938 ξίφόυς
1341 881 1486 937 λαβήν.
1532 881 1616 926 εἶτα
1637 882 1778 940 γνώμη

301 946 524 1002 εῗσήνεκτο,
550 951 585 990 εἰ
605 949 664 1002 μὴ
689 951 729 991 ἐν
753 947 954 1007 ὡρισμένῃ
977 948 1111 1009 ἡμέρᾳ
1135 952 1302 1007 Καῖσαρ
1326 950 1377 993 τὰ
1402 952 1510 994 ὅπλα
1531 949 1779 1007 κατάθηται,

299 1015 490 1073 ἡγεῖσθαι
514 1018 583 1059 τὸν
607 1016 738 1073 ἄνδρα
759 1018 964 1072 πολέμιον.
1028 1018 1237 1061 Ἀντωνίου
1263 1020 1307 1062 δὲ
1330 1021 1395 1061 καὶ
1422 1024 1502 1062 τῶν
1521 1018 1779 1076 πραττόντων

300 1086 352 1128 τὰ
378 1087 589 1142 Καίσαρος
620 1085 838 1136 ἀξιούντων
870 1088 936 1128 καὶ
971 1088 1165 1142 Καίσαρα
1198 1090 1264 1129 καὶ
1294 1087 1515 1143 Πομπήϊον
1545 1089 1620 1140 τὰς
1649 1089 1780 1143 ἀρχὰς

301 1154 562 1206 ἀποθέσθαι,
597 1159 647 1211 τῇ
671 1153 810 1211 γνώμῃ
838 1153 983 1205 πάντες
1005 1156 1235 1198 συνέθεντο.
1306 1157 1389 1199 ἐπεὶ
1413 1157 1457 1199 δὲ
1479 1157 1592 1215 παρὰ
1614 1158 1807 1200 Kalon-l

301 1239 373 1278 ρος
404 1218 502 1277 ἧκον
535 1225 740 1265 ἐπιστολαὶ
774 1228 854 1266 τῶν
885 1225 958 1278 μὲν
991 1223 1126 1266 ἄλλων
1157 1225 1438 1278 ἐξισταμένου,
1481 1225 1556 1278 τὴν
1590 1226 1634 1268 δ’
1669 1225 1781 1277 ἐντὸς

292 1291 471 1334 Ἄλπεων
495 1293 688 1348 ἐπαρχίαν
711 1294 778 1334 καὶ
803 1292 847 1334 τὸ
867 1293 1088 1347 Ἰλλυρικὸν
1112 1292 1318 1343 ἀξιοῦντος
1341 1294 1454 1351 αὐτῷ
1477 1295 1654 1347 δοθῆναι
1675 1295 1779 1349 μετὰ

114 1371 144 1405 Ρ
167 1372 185 1406 1
209 1371 277 1407 483
303 1361 412 1402 δυεῖν
434 1359 664 1415 ταγμάτων,
699 1355 828 1402 τᾶλλα
851 1361 926 1413 μὲν
951 1362 1085 1403 ἐδίδου
1109 1360 1351 1416 Πομπήϊος,
1398 1362 1494 1412 τοὺς
1517 1363 1565 1405 δέ
1586 1379 1630 1417 γε
1653 1380 1782 1420 στρα-

301 1426 448 1478 τιώτας
473 1427 637 1486 ἀφῄρει.
706 1429 745 1471 οἱ
771 1430 812 1470 ‹5’
840 1427 1103 1479 ὑπατεύοντες
1125 1431 1190 1471 καὶ
1216 1434 1288 1484 τῆς
1309 1433 1466 1485 βουλῆς
1487 1429 1688 1485 ἐξήλασαν
1710 1431 1781 1474 τὸν

297 1495 506 1541 Ἀντώνιον
539 1499 607 1539 καὶ.
641 1497 737 1547 τοὺς
769 1497 843 1540 σὺν
877 1498 1000 1555 αὐτῷ.
1071 1498 1108 1541 οἳ
1146 1499 1190 1540 δὲ
1226 1498 1294 1540 διὰ
1332 1497 1463 1555 φόβον
1497 1500 1538 1541 ἐν
1573 1501 1780 1550 δουλικαῖς
1819 1555 1820 1559 ¹

303 1567 454 1620 ἐσθῆσι
484 1566 824 1622 μετημφιεσμένοι
856 1567 919 1608 ἐπὶ
954 1568 1099 1621 ζευγῶν
1129 1569 1310 1620 μισθίων
1332 1571 1404 1621 τῆς
1419 1565 1578 1623 Ῥώμης
1599 1567 1780 1624 ἐξῄεσαν.

304 1633 327 1676 ὃ
350 1633 444 1684 τοὺς
468 1633 720 1691 στρατιώτας
751 1634 997 1691 παρώξυνεν,
1039 1634 1192 1693 ἄνδρας
1223 1637 1458 1690 ἐλλογίμους
1488 1638 1554 1678 καὶ
1582 1636 1783 1693 ἄρχοντας

401 1788 424 1822 2
448 1784 608 1824 πολλοὺς
632 1798 685 1821 om
709 1787 750 1821 C.
934 1787 957 1821 9
984 1786 1197 1831 ταξιαρχεῖν
1220 1788 1264 1823 Α.
1449 1788 1495 1825 14
1516 1784 1716 1832 ἀξιοῦσθαι
1739 1791 1781 1827 C.

399 1833 445 1868 18
467 1833 573 1868 δυεῖν
597 1834 627 1867 C
643 1833 865 1876 Plutarchus,
889 1832 998 1867 δυοῖν
1020 1833 1112 1870 PW.
1189 1835 1234 1869 21
1258 1832 1564 1879 μετημφιεσμένοι.
1586 1839 1627 1881 Α,
1650 1847 1785 1881 μετημ-

399 1876 596 1923 φιασμένοι
618 1879 707 1914 Pw.
845 1879 892 1913 22
916 1875 1140 1924 ἐλλογίμους]
1164 1877 1395 1925 ἐλλογισμούς
1415 1882 1540 1917 BCW.

305 2015 484 2059 santibus,
519 2015 686 2060 Pompeio
716 2027 802 2049 vero
831 2019 987 2050 tacente.
1034 2022 1071 2051 ut
1092 2020 1208 2051 autem
1235 2018 1368 2052 Caesar
1390 2017 1636 2063 largitionibus
1657 2018 1784 2053 multos

305 2062 342 2096 in
375 2073 457 2095 suas
490 2066 610 2106 partes
635 2062 808 2106 traduxit,
850 2062 1032 2106 Pompeius
1067 2074 1141 2096 eam
1174 2063 1460 2108 conspirationem
1491 2065 1628 2099 veritus
1662 2069 1784 2110 aperte

304 2119 370 2153 per
394 2119 474 2141 sese
499 2112 535 2141 et
559 2107 685 2141 amicos
707 2108 887 2152 imperium
913 2108 1058 2142 Caesari
1082 2119 1146 2153 per
1170 2108 1311 2143 decreta
1334 2109 1531 2155 abrogavit.
1578 2111 1705 2156 quibus
1725 2110 1784 2144 ille

303 2153 474 2198 neglectis
498 2154 642 2199 petebat
664 2160 704 2188 ut
728 2160 764 2187 et
787 2154 864 2199 ipse
888 2160 926 2188 et
942 2155 1128 2200 Pompeius
1151 2155 1252 2189 simul
1276 2155 1379 2189 armis
1402 2155 1526 2200 positis
1548 2156 1682 2201 privati
1705 2167 1784 2191 esse

303 2200 529 2234 iuberentur:
555 2199 610 2232 sin
633 2200 702 2234 sibi
726 2200 920 2244 eriperetur
941 2201 1136 2244 imperinm,
1159 2200 1211 2234 illi
1233 2211 1318 2234 vero
1336 2202 1612 2247 confirmaretur,
1636 2203 1782 2237 alterum

303 2253 492 2290 tyrannum
526 2246 703 2279 constitui.
753 2247 866 2280 fertur
900 2247 1004 2279 etiam
1039 2247 1176 2291 quidam
1208 2246 1367 2280 centurio
1401 2258 1423 2281 a
1456 2247 1611 2283 Caesare
1643 2248 1782 2291 missus,

304 2303 380 2326 cum
404 2291 586 2325 didicisset
610 2297 767 2325 senatum
793 2292 972 2336 imperium
1000 2292 1148 2326 Caesari
1171 2303 1241 2326 non
1266 2292 1394 2326 diutius
1417 2293 1522 2336 dare,
1547 2294 1686 2339 pulsato
1709 2294 1784 2339 gla-

304 2338 357 2372 dii
379 2338 503 2382 capulo
528 2337 657 2371 dixisse
676 2334 743 2371 “at
774 2339 829 2372 hic
865 2333 1008 2372 dabit-’³
1054 2338 1179 2371 deinde
1202 2340 1541 2374 senatusconsultum
1564 2341 1692 2374 factum
1717 2345 1783 2384 est,

305 2384 374 2418 nisi
399 2386 532 2419 Caesar
553 2383 647 2417 intra
670 2389 802 2418 certum
826 2384 915 2418 diem
937 2384 1083 2428 imperio
1108 2395 1145 2418 se
1166 2384 1381 2427 abdicasset,
1418 2385 1552 2420 hostem
1586 2397 1665 2420 esse
1693 2385 1784 2420 iudi-

304 2430 464 2471 candum.
511 2440 631 2463 verum
658 2430 808 2464 Antonio
835 2430 1053 2474 caeterisque
1081 2430 1244 2464 Caesaris
1269 2430 1437 2465 studiosis
1463 2431 1720 2477 postulantibus
1746 2435 1784 2466 ut
1808 2443 1810 2445 ·

306 2481 342 2509 et
364 2475 508 2510 Caesar'
522 2480 559 2509 et
579 2476 765 2520 Pompeius
787 2475 887 2510 simul
910 2476 1167 2520 magistratibus
1191 2475 1346 2518 abirent,
1371 2488 1448 2511 eam
1470 2477 1678 2512 sententiam
1701 2488 1784 2522 pro-

304 2522 433 2556 barunt
457 2532 589 2555 omnes.
636 2522 697 2555 sed
730 2533 804 2556 cnm
831 2522 963 2556 Caesar
995 2533 1058 2567 per
1089 2522 1228 2556 litteras
1265 2523 1415 2556 caeteris
1451 2523 1609 2557 omnibus
1640 2523 1783 2566 cedens,

303 2567 412 2602 solam
437 2567 648 2612 Cisalpinam
673 2567 886 2613 provinciam
911 2572 946 2601 et
969 2567 1141 2611 Illyricum
1166 2572 1272 2611 atque
1296 2567 1383 2602 duas
1405 2568 1472 2603 sibi
1495 2569 1654 2614 legiones
1676 2569 1786 2604 relin-

306 2613 367 2658 qui
392 2619 542 2658 peteret,
567 2617 707 2648 caetera
729 2614 867 2658 quidem
892 2614 926 2647 ei
949 2613 1123 2648 concessit
1139 2612 1335 2657 Pompeius,
1359 2615 1484 2649 milites
1504 2620 1619 2649 autem
1642 2615 1781 2651 ademit.

305 2666 447 2693 senatus
473 2671 557 2693 vero
581 2660 767 2693 Antonium
807 2666 843 2693 et
874 2660 1058 2694 factionem
1088 2659 1162 2692 eius
1198 2666 1330 2693 senatu.
1354 2660 1468 2695 eiecit.
1513 2661 1636 2707 itaque
1658 2660 1783 2695 servili

305 2705 430 2738 babitu
453 2717 497 2739 ex
520 2705 646 2739 timore
670 2710 829 2750 sumpto,
860 2705 1084 2740 conducticiis
1118 2704 1211 2748 bigis
1234 2705 1346 2740 Roma
1380 2707 1552 2741 exierunt.
1600 2717 1691 2752 quae
1725 2716 1782 2740 res

306 2750 453 2785 militum
476 2751 749 2796 indignationem
774 2751 971 2796 commovit,
995 2762 1070 2786 cum
1093 2749 1190 2786 viros
1215 2751 1326 2786 claros
1351 2757 1388 2787 et
1410 2752 1586 2798 principes
1601 2756 1783 2787 contume-
