1820 3120
252 90 355 137 586
736 90 961 146 ΙοΑΝΝιε
995 89 1258 134 ΖΟΝΑΒΑΕ

393 199 496 246 Τότε
527 203 592 245 καὶ
622 200 827 259 Ὠριγένης
856 200 1052 259 παρήχθη
1085 204 1159 257 μὲν
1191 205 1247 254 εἰς
1275 203 1649 261 βῆμα-τυραννικὸν
1671 203 1728 255 ὥς

252 269 468 326 σεβόμενος
489 271 560 313 τὸν
583 269 780 327 Χριστόν,
813 271 886 313 οὐκ
919 270 1032 325 ἔτυχε
1062 273 1108 313 δὲ
1139 271 1278 325 τέλους
1304 265 1726 334 μαρτυρᾳκοῦκοῖμαι

251 345 325 382 τοῦ
357 344 460 382 θεοῦ
485 337 632 394 ταύτης
658 337 781 381 αὐτὸν
802 338 861 394 μὴ
884 340 1093 396 κρίναντος
1115 339 1227 390 ἄξιον
1252 339 1397 390 διοὶῗτὸ4
1412 332 1726 406 aspir—&5036-

252 410 352 458 δοξα
378 406 561 462 δόγματα
585 412 658 449 τοῦ
682 407 830 449 ἀθλίου
856 408 1006 450 ἐκείνου
1031 406 1292 464 διάστροφον.
1359 400 1725 466 λειποτακτςζῳγάρ,

65 487 95 521 Ρ
119 486 138 521 Ῑ
160 486 229 523 626
253 477 321 518 καὶ
343 480 472 518 ταῦτα
495 476 596 529 μετὰ
622 482 762 532 πεΐραν
783 474 987 529 βασάνων.
1057 470 1196 528 οὗτος,
1225 474 1280 526 ὥς
1303 469 1536 533 ἔμπροσθεν
1552 467 1759 534 εἷζρηταιρ

251 545 376 601 μέγας
399 545 441 586 ἓν
464 543 597 599 λόγοις
615 543 823 599 γενόμενος
848 544 1067 587 κάντεῦθεν
1089 541 1403 601 ὑπερφρονήσας
1421 547 1488 587 καὶ
1513 545 1728 599 ἀλαζονευ-

249 611 450 667 σάμενος,
482 613 531 655 οὐ
560 619 644 674 ταῖς
677 617 756 655 τῶν
780 613 857 668 πρὸ
884 614 1009 656 αὐτοῦ
1033 614 1215 668 πατέρων
1240 613 1356 669 ἱερῶν
1378 611 1729 671 ἠκολούθησεδό-

252 699 414 738 γμασιν,
439 681 525 723 ἀλλ’
552 679 684 738 ἑαυτῷ
707 680 923 737 θαρρήσας
947 686 1094 724 καινῶν
1118 679 1330 737 δογμάτων
1348 673 1730 738 ἐἴσαγωγεῦςὲχρη-

252 748 412 804 μάτισε,
437 751 503 791 καὶ
526 751 792 805 βλασφημίας
817 750 871 799 εἴς
893 767 934 792 τε
959 747 1029 804 τὴν
1054 748 1170 805 ἁγίαν
1193 748 1339 806 τριάδα
1362 752 1428 793 καὶ
1450 744 1599 806 εῖςτὴν
1611 742 1730 802 θείαν

253 816 562 873 ἔνανθρώπησιν
595 820 638 860 ἐκ
669 822 742 860 τοῦ
774 822 952 873 πονηροῦ
982 823 1198 874 θησαυροῦ
1228 812 1300 874 τῆς
1323 820 1492 876 καρδίας
1504 818 1640 871 ,αὐτοῦ
1664 820 1785 877 ἐξ-.Ιρ

253 885 475 943 ηρεύξατο,
507 885 574 928 καὶ
607 885 739 941 πάσης
772 887 916 941 σχεδὸν
940 887 1129 944 αἱρέσεως
1153 887 1302 941 ἐγένετο
1327 885 1521 943 ἀρχηγός,
1584 885 1654 932 τόν
1687 903 1729 930 τε

255 955 333 1012 γὰρ
365 960 559 1010 μονογενῆ
591 959 665 997 τοῦ
698 960 799 998 θεοῦ
830 956 919 998 υἱὸν
942 955 1100 998 κτιστόν
1125 955 1385 1010 ἐδογμάτισε,
1422 957 1492 1002 καὶ
1514 944 1731 1011 τῆς,“δόξης

202 1027 233 1062 Β
259 1023 382 1066 αὐτὸν
403 1023 616 1079 ῆλλοτριόυ
641 1025 707 1065 καὶ
732 1028 803 1076 τῆς
828 1025 967 1074 οὐσίας
989 1029 1060 1078 τῆς
1084 1029 1300 1080 πατρικῆς·
1336 1026 1401 1067 καὶ
1433 1024 1487 1073 τὸ,
1504 1017 1665 1079 πνεῦμα,
1684 1023 1728 1067 τὸ

257 1091 371 1148 ἅγιον
403 1089 619 1146 ῦπεβίβαζε
653 1097 725 1146 τῆς
755 1097 828 1134 τοῦ
860 1092 1014 1148 πατρὸς
1036 1093 1153 1143 ,ἀξίας
1175 1095 1241 1134 καὶ
1264 1097 1337 1146 τῆς
1359 1095 1431 1135 τοῦ
1454 1092 1544 1137 υἶοῦ
1555 1124 1573 1144 ,,
1606 1093 1731 1148 λέγων

256 1156 314 1210 ὥς
347 1158 436 1203 οὕτε
470 1161 539 1202 τὸν
570 1161 725 1215 πατέρα
759 1159 927 1203 δύναται
960 1159 1059 1217 ὁρᾶν
1094 1159 1115 1202 ὃ
1147 1161 1235 1214 υἱὸς
1260 1160 1351 1203 οὔτε
1374 1160 1458 1215 μὴν
1480 1154 1661 1210 τόνυῖὂν
1683 1161 1727 1203 τὸ
1739 1168 1784 1203 15

256 1232 435 1282 πνεῦμα,
471 1227 605 1283 ὥσπερ
641 1230 734 1271 οὐδὲ
758 1229 794 1270 οἱ
820 1228 976 1285 ἄγγελοι
999 1230 1044 1272 τὸ
1070 1233 1226 1282 πνεῦμα
1250 1229 1340 1272 οὔτε
1363 1228 1457 1282 τοῦς
1478 1229 1670 1285 ἀγγέλους
1693 1229 1731 1271 οἱ

257 1296 483 1353 ἄνθρωποι.
555 1291 671 1339 αὗται
704 1299 779 1351 μὲν
811 1298 851 1339 αἱ
885 1300 973 1354 περὶ
1005 1302 1077 1352 τῆς
1101 1296 1215 1352 ἆγιάς
1238 1300 1304 1340 καὶ
1329 1286 1545 1350 ὃμοουσίου
1569 1296 1732 1354 τριάδος

255 1367 516 1422 βλασφημίαι
549 1370 622 1407 τοῦ
650 1366 898 1421 Ὠριγένους·
942 1369 1029 1422 περὶ
1064 1367 1111 1408 δέ
1140 1383 1182 1421 γε
1215 1366 1290 1421 τὴν
1322 1364 1628 1422 ἔνανθρώπησιν
1659 1371 1732 1408 τοῦ

257 1433 349 1476 υἱοῦ
373 1438 444 1475 τοῦ
468 1438 570 1476 θεοῦ
593 1433 845 1491 ἐβλασφήμει
858 1466 870 1484 ,
887 1436 1108 1488 ’δυσσεβῶς
1131 1429 1300 1490 εἰσάγων
1323 1435 1381 1489 μὴ
1409 1428 1542 1490 σάρκα
1565 1436 1731 1489 ἐψυχω-

255 1503 379 1557 μένην
402 1503 444 1543 ἐκ
468 1507 540 1556 τῆς
564 1500 679 1557 ἁγίας
701 1504 908 1558 παρθένου
933 1507 1069 1556 λαβεῖν
1092 1503 1160 1545 τὸν
1183 1502 1379 1558 Χριστόν.
1441 1501 1628 1558 ἡνῶσθαι
1651 1502 1786 1559 γὰρ20

258 1569 478 1624 ἐμυθεύετο
503 1570 572 1612 τὸν
593 1576 788 1626 μονογενῆ
811 1576 883 1612 τοῦ
906 1575 1006 1613 θεοῦ
1030 1572 1118 1613 υἱὸν
1140 1571 1218 1628 πρὸ
1243 1574 1475 1626 καταβολῆς
1497 1569 1650 1625 κόσμου
1674 1574 1733 1628 τῷ
1772 1560 1775 1561 ⁷

259 1643 339 1695 νῷ,
386 1638 431 1680 ὃν
467 1638 707 1681 οἷνέπλαττεν
743 1641 888 1689 ἐκεῖνος
922 1641 1197 1694 ἐκλελεγμένον
1232 1642 1298 1681 καὶ
1334 1638 1476 1682 κλόνον
1515 1639 1589 1694 οὐχ
1627 1637 1730 1682 ὓπο-

205 1720 235 1755 c
259 1705 433 1757 στάντα,
469 1709 536 1748 καὶ
572 1707 646 1750 σὺν
678 1706 808 1765 τούτῳ
842 1708 905 1750 ἐπ’
944 1707 1123 1762 ἐσχάτων
1156 1709 1469 1765 ἕνανθρωπῆσαι
1501 1709 1568 1750 καὶ
1600 1706 1733 1764 σάρκα

349 1824 374 1859 3
396 1819 499 1867 ὀρθοὶ
523 1824 567 1858 Α.
661 1824 684 1859 9
700 1820 752 1863 εἰς
767 1829 847 1860 ante
863 1821 932 1869 τὴν
948 1826 986 1859 θ.
1005 1825 1073 1859 add
1092 1824 1165 1859 ΑΒ.
1262 1825 1305 1861 14
1326 1825 1391 1870 τῆς
1413 1826 1559 1860 alterum
1575 1824 1640 1860 add
1657 1825 1732 1859 AB.

350 1870 612 1961 ἑέςτὲῗίαρςτῖέῗ
631 1870 697 1904 add
720 1871 794 1906 AB.
888 1871 931 1907 19
955 1868 1220 1917 ἐμψυχωμένην
1242 1871 1284 1906 Β.
1378 1872 1424 1906 20
1447 1871 1512 1916 τῆς
1532 1868 1732 1916 παρθένου

398 2018 502 2052 Tune
535 2018 636 2051 etiam
667 2018 842 2062 Origenes
874 2019 919 2052 ad
950 2019 1170 2062 tyrannicum
1200 2018 1355 2052 tribunal
1386 2022 1424 2051 ut
1456 2017 1589 2052 Christi
1620 2016 1733 2051 cultor

260 2065 430 2099 adductus
453 2068 529 2098 est:
565 2065 626 2097 sed
651 2064 781 2098 honore
804 2065 965 2108 martyrii
991 2065 1102 2099 caruit
1125 2065 1240 2107 miser,
1265 2065 1296 2098 ei
1322 2073 1462 2108 negato,
1487 2069 1528 2098 ut
1551 2063 1688 2108 opinor,
1712 2075 1733 2097 a

261 2112 346 2153 deo,
383 2111 427 2143 ob
453 2120 636 2154 perversas
661 2109 852 2155 opiniones.
901 2123 977 2144 nam
999 2117 1173 2145 tormenta
1196 2111 1263 2144 iam
1289 2116 1477 2154 expertus,
1502 2115 1616 2143 tamen
1641 2108 1735 2142 ordi-

260 2167 337 2190 nem
360 2156 529 2190 deseruit.
578 2155 657 2197 hic,
694 2162 731 2189 ut
753 2156 989 2190 antedictum
1012 2163 1084 2201 est,
1110 2169 1183 2191 cum
1207 2155 1363 2190 doctrina
1388 2160 1425 2188 et
1448 2154 1650 2199 eloquentia
1674 2166 1734 2188 ex-

260 2201 423 2245 celleret,
455 2201 621 2246 superbia
643 2207 677 2235 et
702 2203 900 2246 arrogantia
924 2203 1054 2245 elatus,
1090 2209 1244 2236 veterum
1269 2213 1316 2236 ss.
1340 2207 1474 2247 patrum
1498 2201 1650 2234 decretis
1673 2211 1735 2234 ne·-

258 2247 396 2292 glectis,
420 2258 585 2281 novarum
611 2247 807 2292 opinionum
832 2254 953 2282 auctor
978 2260 1055 2282 esse
1079 2260 1145 2282 non
1170 2247 1361 2281 dubitavit:
1386 2253 1421 2280 et
1445 2246 1674 2291 blasphemias
1697 2246 1732 2279 in

260 2297 414 2327 sanctam
444 2293 636 2327 trinitatem
669 2294 889 2338 divinamque
916 2294 1234 2328 inhumanationem
1269 2305 1312 2327 ex
1345 2293 1500 2336 improbo
1533 2292 1647 2326 cordis
1678 2292 1732 2325 sui

260 2340 425 2374 thesauro
451 2339 644 2378 eructavit3
678 2351 741 2372 nec
772 2340 840 2373 ulla
873 2342 946 2374 fere
977 2348 1073 2374 secta
1107 2346 1162 2373 est
1186 2339 1242 2374 cui
1265 2350 1330 2372 non
1355 2338 1491 2372 initium
1517 2337 1732 2382 praebuerit.

262 2396 339 2419 nam
365 2390 402 2418 et
425 2384 638 2429 unigenitum
663 2385 721 2418 dei
743 2385 848 2418 filium
874 2385 1045 2420 conditum
1071 2398 1148 2420 esse
1174 2385 1310 2427 docuit,
1346 2395 1367 2418 a
1390 2389 1534 2427 paterna
1559 2383 1672 2428 gloria
1697 2389 1734 2416 et

262 2430 415 2466 essentia
448 2431 617 2470 alienum3
653 2435 689 2464 et
722 2431 883 2476 spiritum
916 2431 1071 2465 sanctum
1105 2432 1197 2465 infra
1229 2430 1339 2476 patris
1372 2436 1408 2463 et
1438 2428 1501 2463 filii
1528 2428 1732 2473 dignitatem

262 2476 472 2519 collocavit,
507 2477 685 2511 affirmans
709 2488 823 2522 neque
858 2484 989 2522 patrem
1013 2490 1034 2511 a
1058 2477 1130 2511 filio
1153 2488 1264 2520 neque
1285 2475 1389 2509 filium
1415 2487 1435 2508 a
1458 2475 1586 2520 spiritu
1611 2480 1731 2508 sancto

262 2533 366 2567 posse
390 2522 504 2565 cerni,
531 2527 569 2556 ut
595 2535 659 2556 nec
685 2522 843 2567 spiritum
868 2526 911 2557 ab
937 2523 1069 2567 angelis
1083 2535 1157 2556 *nec
1180 2521 1320 2566 angelos
1345 2521 1388 2554 ab
1414 2520 1617 2556 hominibus.
1667 2520 1733 2554 hae

259 2576 340 2602 sunt
372 2568 540 2612 Origenis
573 2568 608 2602 in
643 2576 799 2602 sanctam
833 2574 869 2602 et
901 2568 1226 2612 consubstantialem
1259 2566 1447 2601 trinitatem
1479 2565 1731 2611 blasphemiae:

259 2614 352 2648 circa
377 2614 510 2648 Christi
536 2626 616 2647 vero
641 2614 975 2657 inhumanationem,
1012 2614 1185 2648 Christum
1209 2613 1393 2646 animatam
1417 2624 1554 2646 carnem
1581 2623 1624 2645 ex
1648 2623 1732 2644 san-

261 2666 317 2693 cta
350 2659 487 2703 virgine
522 2660 750 2705 assumpsisse
783 2660 889 2705 impie
922 2658 1051 2704 negat3
1084 2659 1148 2693 sed
1176 2658 1391 2703 unigenitum
1424 2658 1479 2692 dei
1510 2656 1619 2691 filium
1649 2661 1732 2690 aute

261 2705 421 2738 mundum
445 2705 621 2740 conditum
644 2706 750 2739 menti
775 2706 905 2739 unitum
928 2706 1041 2740 fuisse
1066 2705 1262 2748 fabulatur,
1287 2709 1324 2737 et
1347 2705 1492 2738 electum
1514 2714 1594 2737 esse
1617 2701 1731 2747 fingit,

261 2755 300 2784 et
323 2762 450 2785 ramum
476 2752 536 2798 qui
560 2752 745 2797 aliquando
771 2763 837 2786 non
861 2752 987 2795 fuerit,
1022 2762 1097 2785 cum
1121 2761 1232 2796 eoque
1257 2750 1421 2784 extremis
1442 2748 1656 2795 temporibus
1680 2747 1733 2782 in·
1795 2760 1820 2786 ,e

1803 2777 1820 2805 εἲ

1802 2861 1820 2936 i

1810 2933 1820 2957 Ἄ

1804 2964 1820 2991 ’Ξ

1798 2993 1820 3120 l
