1820 3120
270 106 371 154 270
749 105 979 151 IOANNIS
1012 108 1274 152 ZONARAE

266 219 495 277 ἐλεφάντων
534 217 737 270 σκευάσας
777 219 914 276 δεινὴν
953 222 1026 275 μέν
1074 219 1152 264 ὑπὸ
1200 220 1428 279 χρίσματός
1466 241 1573 275 τινος
1613 225 1746 280 ὀσμὴν
1804 233 1809 259 ἱ

264 289 429 342 ἔχοντα,
466 288 627 345 φοβερὰ
656 290 702 331 δὲ
723 291 790 331 καὶ
814 289 1000 347 ὀφθῆναι
1023 291 1090 331 καὶ
1115 290 1370 346 ἀκουσθῆναι
1394 290 1491 334 ὄντα
1513 292 1743 350 (βροντώδη

264 356 343 412 γὰρ
381 356 490 413 ἠφίει
526 355 629 411 ἦχήν
665 374 755 399 τινα
791 358 834 408 ἐξ
869 357 1202 413 ἐπιτηδεύσεως),
1246 359 1350 417 πρὸς
1383 360 1512 403 ἐκεῖνα
1544 366 1744 418 προσῆγεν
1808 417 1810 420 y

265 425 415 474 αὐτοὺς
438 429 635 479 συνεχῶς,
677 426 818 482 με’χρις
841 420 890 467 οὗ
913 428 980 468 καὶ
1003 425 1256 483 ἐθάρσησαν.
1325 426 1348 471 ὃ
1370 428 1444 482 μὲν
1467 423 1541 471 οὖν
1559 431 1746 488 Πὶρσεὺς

262 494 366 548 μέγα
390 495 434 535 ἐκ
455 491 609 536 τούτων
627 494 810 548 ἐκέκτητο
830 491 1022 550 φρόνημα
1041 496 1107 536 καὶ
1125 494 1195 537 τὸν
1214 495 1476 553 Ἀλέξανδρον
1491 501 1542 554 τῇ
1558 496 1657 555 δόξῃ
1675 501 1741 542 καὶ
1754 506 1778 540 5
1808 510 1810 512 '

262 566 321 619 τῷ
338 562 502 616 μεγέθει
520 566 591 616 τῆς
610 562 739 617 ἀρχῆς
754 560 977 618 ὑπεροίσειν
990 561 1218 617 ἐπήλπισεν,
1237 564 1275 606 οἶ
1289 566 1314 606 δ
1320 564 1331 580 ’
1350 566 1392 607 ἐν
1405 569 1456 622 τῇ
1465 563 1603 623 Ῥώμῃ
1614 571 1745 611 ταῦτα
1808 620 1810 622 v

77 641 105 675 Ρ
128 641 146 675 1
170 640 240 676 457
262 628 468 683 μαθόντες
491 630 561 672 τὸν
584 629 781 685 ΖΙΙΙάρκιον
808 632 1011 672 Φίλιππον
1034 629 1287 675 ὗπατεύοντα
1310 635 1468 691 σπουδῇ
1500 634 1744 690 ἐξέπεμψαν.

264 700 331 740 καὶ
366 697 410 748 ὃς
441 700 497 747 εἷς
531 698 604 752 τὴν
632 698 863 740 Θεσσαλίαν
886 699 988 754 πρὸς
1014 699 1060 741 τὸ
1085 699 1360 756 στρατόπεδον
1383 700 1629 759 ἀφικόμενος
1641 703 1745 754 ’τούς
1812 756 1814 758 ‚

263 784 304 809 τε
332 764 556 819 Ῥωμαίους
587 768 656 807 καὶ
689 767 784 816 τοὺς
813 766 1056 821 συμμάχους
1086 767 1263 823 ἐξήσκει,
1310 769 1412 813 ὥστε
1449 772 1638 814 δείσαντα
1673 773 1744 814 τὸν
1806 794 1820 841 ,ἑ

261 835 427 887 Περσέα
451 836 492 876 ἐν
514 838 572 891 τῷ
596 835 686 891 ἰδίῳ
709 839 768 892 τῷ
789 838 1066 894 Μακεδονικῷ
1090 839 1158 879 καὶ
1181 837 1283 894 πρὸς
1305 845 1389 888 τοῖς
1415 840 1617 893 Τέμπεσιν
1637 837 1741 896 ἧσυ-
1753 846 1820 899 1οηῚ

257 904 353 956 χιάν
392 901 501 957 ἄγειν
537 904 605 943 καὶ
642 903 691 944 τὰ
730 903 850 945 στενὰ
885 910 1032 960 τηρεῖν.
1101 905 1320 963 θαρσήσας
1360 908 1406 949 δὲ
1445 907 1515 951 διὰ
1550 912 1681 952 ταῦτα
1717 907 1740 951 ὅ
1815 927 1820 971 ¹1

265 972 467 1021 Φίλιππος
499 971 567 1012 διὰ
598 971 733 1024 μέσων
766 972 873 1027 ὀρῶν
905 970 1175 1029 ὑπερέβαλλε,
1222 976 1295 1016 καί
1321 992 1410 1017 τινα
1442 980 1516 1019 τοῦ
1547 977 1742 1034 Περσέως
1818 973 1820 1044 j

259 1039 439 1092 κατέσχε.
508 1038 659 1095 προϊών
692 1040 734 1081 δ’
773 1041 836 1081 ἐπὶ
869 1044 942 1094 τῆς
962 1039 1133 1096 Πύδνης
1165 1047 1246 1085 τῶν
1277 1044 1507 1098 ἐπιτηδείων
1537 1044 1739 1097 gauduus,

261 1110 328 1149 καὶ
363 1110 418 1157 εἷς
450 1106 523 1161 τὴν
559 1107 790 1149 Θεσσαλίαν
821 1108 1055 1164 ἀνέστρεψε.
1125 1112 1192 1152 καὶ
1228 1105 1353 1161 αὖθις
1383 1109 1406 1154 ὅ
1427 1112 1614 1170 Περσεὺς
1647 1114 1737 1156 ἆνε-
1788 1122 1815 1167 sp

261 1174 447 1231 θάρσησε
482 1177 549 1217 καὶ
582 1175 608 1216 ἃ
632 1175 822 1229 κατέσχεν
845 1174 866 1218 ὃ
896 1178 1097 1227 Φίλιππος
1119 1178 1367 1235 ἀνεκτήσατο
1391 1182 1460 1223 καὶ
1481 1185 1542 1239 τῷ
1561 1187 1737 1241 ναυτικῷ
1751 1184 1799 1223 15'
1811 1186 1816 1211 -’

261 1244 389 1298 συχνὰ
421 1243 516 1293 τοὺς
541 1241 767 1297 Ῥωμαίους
801 1243 956 1296 ἐλύπει,
1001 1244 1244 1301 συμμάχους
1278 1265 1321 1290 τε
1357 1247 1633 1306 προσηγάγετο
1672 1253 1740 1294 καὶ

262 1311 391 1366 πάντη
415 1304 511 1362 τοὺς
538 1309 763 1366 Ῥωμαίους
785 1315 828 1354 ἐκ
853 1317 926 1366 τῆς
949 1312 1144 1365 Ἑλλάδος
1165 1315 1333 1370 ἤλπισεν
1355 1318 1552 1371 ἐκβαλεῖν.
1620 1323 1670 1376 τῇ
1696 1320 1740 1362 δὲ

208 1389 238 1422 Β
262 1384 394 1437 πολλῇ
429 1382 497 1422 καὶ
534 1379 689 1438 ἀκαίρῳ
725 1382 922 1440 φειδωλία
955 1384 1022 1423 καὶ
1055 1387 1107 1439 τῇ
1140 1384 1199 1425 δι’
1237 1384 1364 1439 αὐτὴν
1397 1390 1478 1428 τῶν
1509 1386 1738 1442 συμμάχων

260 1449 452 1508 ὀλιγωρίᾳ
474 1448 652 1503 ἀσθενὴς
675 1443 799 1499 αὖθις
822 1450 986 1504 ἐγένετο.
1055 1448 1111 1501 ὥς
1132 1451 1211 1508 γὰρ
1234 1453 1286 1494 τὰ
1309 1457 1389 1496 τῶν
1406 1451 1739 1509 Ῥωμαίωνῦπε-

261 1518 400 1568 δίδου,
434 1517 486 1559 τὰ
518 1517 560 1559 δ’
597 1517 744 1560 ἐκείνου
778 1515 993 1573 ἐπηύξετο,
1026 1518 1326 1576 κατεφρόνησεν
1358 1519 1414 1572 ὥς
1436 1522 1552 1566 οὐδὲν
1574 1522 1633 1567 ἔτι
1655 1530 1815 1575 τῶν20Δ

260 1585 487 1639 συμμάχων
511 1583 720 1639 δεόμενος,
757 1588 823 1628 καὶ
856 1586 928 1629 οὐκ
959 1587 1093 1629 ἐδίδου
1122 1587 1318 1645 χρήματα
1341 1591 1481 1648 σφίσιν
1502 1591 1531 1634 ἃ
1554 1593 1738 1649 ἐπηγγεί-

351 1750 373 1782 5
396 1745 460 1782 καὶ
482 1743 549 1782 τὸν
566 1745 808 1792 Ἀλέξανδρον
830 1751 877 1796 τῇ
900 1747 993 1796 δόξῃ
1030 1763 1084 1786 om
1109 1751 1152 1787 O.
1314 1755 1360 1789 10
1381 1748 1453 1788 “gv
1475 1754 1530 1790 w?
1553 1752 1659 1802 ἰδίῳ]
1683 1756 1736 1790 sic

353 1794 442 1838 Reg.
483 1798 521 1828 et
552 1794 779 1839 collam-teus,
818 1797 877 1831 ubi
907 1797 1062 1836 wolfius
1095 1798 1184 1842 quid
1217 1799 1250 1833 si
1280 1794 1322 1834 ἐν
1351 1795 1463 1845 Δίφ”
1498 1790 1733 1838 buommus.

345 1839 410 1873 καὶ
435 1851 490 1874 om
512 1840 555 1878 A.
650 1842 694 1875 12
717 1838 922 1887 ὑπερέβαλε
945 1843 987 1879 A.
1089 1843 1136 1879 14
1158 1838 1196 1883 ἐς
1219 1845 1263 1880 C.
1366 1845 1411 1881 17
1433 1843 1555 1891 πάντη
1577 1843 1665 1887 τοὺς
1686 1867 1733 1874 --

347 1897 392 1966 p9
410 1885 476 1940 27}
502 1898 538 1921 v.
564 1887 781 1966 3Ασπονδῶν
805 1887 993 1934 δεηθῆναι
1016 1889 1141 1924 Dionis
1165 1895 1372 1937 excerptum
1392 1892 1653 1928 Peirescianum
1672 1893 1731 1931 73.

412 1944 486 1967 των
509 1944 563 1967 om
620 1957 631 1968 ο
1493 1951 1496 1954 ’

253 2078 438 2113 simulacra
472 2080 735 2125 elephantorum
763 2083 904 2126 paravit
935 2095 979 2118 ex
1010 2088 1187 2129 unguento
1223 2084 1371 2129 quodam
1400 2089 1529 2120 tetrum
1562 2085 1732 2121 foetorem

254 2125 443 2168 spirantia,
480 2126 558 2159 visu
593 2126 783 2172 audituque
814 2128 1008 2172 horrenda,
1045 2142 1135 2175 quae
1167 2133 1245 2164 arte
1275 2130 1422 2176 quadam
1445 2131 1596 2166 sonitum
1619 2131 1733 2167 instar

252 2170 403 2205 tonitrus
428 2171 588 2205 ederent:
616 2172 662 2205 ad
685 2183 775 2217 quae
799 2175 881 2219 equi
904 2175 1051 2209 subinde
1075 2176 1216 2211 adducti
1239 2175 1363 2210 timere
1379 2176 1526 2222 denique
1542 2177 1732 2213 desierunt.

253 2215 307 2249 his
331 2217 436 2250 rebus
459 2217 610 2252 Perseus
635 2219 747 2252 auctis
772 2221 894 2254 animis
917 2234 956 2255 se
979 2221 1178 2256 Alexandro
1201 2221 1315 2266 gloria
1347 2225 1386 2256 et
1406 2223 1645 2268 magnitudine
1667 2225 1731 2258 im-

252 2262 345 2306 perii
369 2263 581 2307 superiorem
614 2265 691 2297 fore
724 2268 884 2309 putabat.
934 2268 1083 2302 Romani
1106 2279 1192 2302 vero
1215 2268 1259 2301 iis
1281 2267 1431 2312 cognitis
1456 2269 1625 2304 Marcium
1646 2270 1730 2304 Phi·
1796 2288 1798 2290 v

251 2307 383 2352 lippum
409 2309 583 2343 consulem
608 2310 773 2345 celeriter
794 2313 1012 2358 ablegarunt.
1060 2314 1121 2358 qui
1147 2324 1223 2347 cum
1246 2313 1283 2347 in
1306 2313 1526 2350 Thessaliam
1556 2315 1601 2350 ad
1624 2327 1730 2351 exer-

251 2354 359 2388 citum
385 2355 562 2399 venisset,
600 2356 772 2391 Romanos
798 2363 834 2392 et
858 2360 974 2393 socios
997 2359 1050 2393 ita
1073 2359 1250 2402 exercuit,
1285 2364 1325 2393 ut
1348 2359 1500 2396 Perseus
1521 2361 1668 2397 territus
1691 2362 1730 2397 in

251 2410 314 2433 suo
339 2411 449 2445 regno
476 2401 706 2436 Macedonico
735 2409 771 2437 et
797 2404 842 2438 ad
865 2405 1000 2450 Tempe
1031 2406 1170 2450 quietus
1203 2405 1381 2449 angustias
1405 2411 1578 2442 tueretur.
1627 2414 1729 2443 aucta

251 2456 294 2478 ex
317 2457 359 2479 eo
384 2446 534 2492 audacia
552 2447 746 2493 Philippus,
772 2451 896 2485 mediis
919 2451 1095 2485 montibus
1119 2451 1308 2495 superatis,
1334 2452 1500 2497 quasdam
1516 2454 1609 2488 illius
1624 2455 1728 2488 urbes

250 2491 364 2535 cepit;
390 2496 426 2525 et
449 2493 493 2536 ad
518 2494 675 2537 Pydnam
700 2506 920 2540 progressus,
947 2498 992 2531 ob
1016 2501 1225 2531 commeatus
1248 2498 1429 2542 penuriam
1452 2499 1489 2533 in
1512 2499 1727 2534 Thessaliam

249 2537 367 2570 rediit.
416 2538 507 2572 unde
532 2539 684 2573 Perseus
707 2549 885 2587 resumpta
909 2542 1050 2586 fiducia,
1079 2555 1168 2588 quae
1191 2543 1372 2588 Philippus
1397 2551 1598 2590 occuparat,
1624 2557 1728 2580 rece-

248 2582 315 2626 pit,
341 2588 377 2616 et
400 2584 510 2618 classe
533 2584 705 2620 Romanos
730 2588 862 2622 crebris
887 2588 1102 2623 detrimentis
1127 2589 1259 2631 affecit,
1284 2590 1500 2635 adscitisque
1522 2591 1626 2626 sociis
1649 2597 1727 2626 tota

251 2629 403 2662 Graecia
426 2641 465 2664 se
488 2630 662 2665 Romanos
688 2632 880 2668 eiecturum
902 2636 1080 2680 sperabat.
1128 2636 1190 2668 sed
1221 2634 1326 2669 nimia
1356 2639 1393 2669 et
1421 2636 1619 2682 importuna
1645 2649 1728 2683 par-

252 2674 415 2716 simonia,
451 2687 492 2709 ex
518 2688 630 2721 eaque
652 2679 824 2713 sociorum
847 2682 1027 2725 neglectu,
1051 2691 1172 2714 rursus
1197 2681 1272 2714 eius
1297 2693 1383 2726 opes
1407 2681 1608 2717 imminutae
1629 2690 1725 2717 sunt.

253 2719 358 2752 rebus
385 2720 472 2754 enim
496 2721 728 2758 Romanorum
750 2725 1033 2770 labescentibus,
1059 2727 1130 2760 suis
1153 2727 1376 2761 incrementis
1398 2728 1511 2763 fretus
1534 2729 1650 2763 socios
1673 2729 1726 2762 ita

254 2766 476 2811 contempsit,
503 2770 601 2811 quasi
626 2782 744 2805 eorum
769 2783 876 2816 opera
899 2772 986 2807 nihil
1009 2777 1104 2808 esset
1126 2783 1231 2818 opust,
1258 2785 1323 2808 nec
1345 2774 1548 2818 promissam
1571 2775 1640 2810 illis
1664 2786 1727 2821 pe-
