1820 3120
235 99 338 147 508
717 98 946 143 IOANNIS
981 97 1245 142 ZONARAE

231 230 306 264 τας
328 208 608 266 διατιθέμενος
630 210 723 255 οὔτ’
750 212 939 255 ἐδεδοίκει
963 210 1188 261 τινὰςόὕτε
1210 209 1292 265 μὴν
1315 209 1589 266 ἀπηχθάνετο,
1613 210 1709 256 οὔτε

232 286 418 339 προσεῖχε
442 287 526 330 τοῖς
549 278 854 334 διαβάλλουσιν,
890 279 983 323 ov't’
1009 274 1058 335 ἦν
1082 275 1430 337 ὄξῦρροποςπρός
1453 278 1592 337 ὀργήν,
1623 285 1707 324 τῶν

181 357 212 392 c
234 366 275 392 τε
295 346 519 405 χρημάτων
541 352 622 391 τῶν
645 349 903 406 ἀλλοτρίων’
891 350 960 390 ι’σα
983 349 1050 390 καὶ
1074 345 1210 405 φόνων
1231 351 1312 390 τῶν
1334 347 1485 390 ἀδίκων
1507 347 1704 403 ἀπείχετο.

230 418 361 460 καίτοι
383 414 653 473 μεγαλόφρων
677 419 743 459 και
773 414 1097 472 μεγαλογνώμων
1118 415 1329 472 γενόμενος
1351 417 1418 458 καὶ
1441 416 1483 458 ἐν
1505 413 1617 468 ὅδοξ
1636 418 1705 460 καὶ

230 485 272 527 ἔν
304 485 436 538 λιμέσι
468 487 535 527 καὶ
566 486 608 527 ἓν
640 487 852 540 δημοσίοις
873 483 1195 540 οῗκοδομήμασιν
1219 482 1402 527 ἐδαπάνα
1423 482 1568 527 πολλά.
1607 485 1737 529 καὶὸ

229 553 365 608 ἐπειδὴ
398 553 469 596 τὸν
501 554 542 595 ἕν
566 557 617 610 τῇ
640 552 776 611 Ῥώμῃ
802 552 1054 610 ιππόδρομον
1078 553 1339 610 φθαρέντα’
1316 550 1496 609 ανήγειρε
1517 553 1645 626 μείζω
1661 570 1704 596 τε

227 623 295 663 και
329 621 696 678 περικαλλέστερον,
739 623 967 679 ἐπέγραψεν
1003 622 1115 679 αὐτῷ
1147 620 1208 664 ὅτι
1248 623 1494 678 ἐξαρκοῦντα
1529 625 1588 680 τῷ
1624 625 1705 665 τῶν

221 687 431 744 ε’.Ρωμαιων
454 687 613 747 δήμω’
595 691 767 745 εποιᾞησε
836 692 902 732 καὶ
925 690 1117 744 μᾶλλον’
1104 691 1237 746 ἔχαιρε
1264 688 1544 746 φιλούμενος’
1524 707 1551 745 η
1576 687 1705 744 τιμώ-

226 775 367 812 μενος,
404 759 472 800 καὶ
495 758 702 814 ἀγαπητὸς
725 758 871 813 ἤθελεν
904 757 1003 801 εἶναι
1033 765 1118 809 τοῖς
1144 750 1478 813 ὗπηκόοις,“τοΐς
1499 759 1705 812 πολεμίοις

228 827 272 868 δὲ
296 825 485 883 φοβερός.
553 831 625 880 τῆς
659 828 733 881 μὲν
766 822 836 870 οὗν
869 829 910 869 ἐν
943 826 1076 884 λόγοις
1106 828 1289 877 παιδείας
1312 827 1359 868 οὗ
1381 827 1624 882 μετέσχηκε,
1654 825 1700 869 τὸ
1714 835 1761 871 lo

226 896 252 936 δ
258 894 270 910 ³
297 895 412 950 ἔργον
436 894 562 948 αὐτῆς
585 898 650 937 καὶ
674 896 870 950 ἠπίστατο
895 898 961 937 καὶ
987 895 1199 952 εἲργάζετο.
1270 896 1379 937 οἴνου
1407 896 1431 937 δ
1438 895 1450 911 ³
1475 892 1703 950 ἡττώμενος

22 972 70 1006 W
85 971 206 1008 11200
227 961 367 1020 νήφων
389 957 452 1018 ἦν,
487 965 554 1004 καὶ
579 964 819 1018 ἐπτοημένος
842 965 929 1020 περὶ
952 963 1142 1020 μειράκια
1165 964 1310 1006 οὐδένα
1333 961 1518 1019 ἐλύπησε.
1582 967 1702 1021 φιλο-

170 1042 203 1077 D
228 1029 403 1086 πόλεμος
427 1032 471 1073 δὲ
493 1032 663 1086 γεγονώς
686 1034 752 1074 καὶ
777 1036 943 1075 πλεῖστα
966 1032 1252 1088 κατωρθωκὼς
1273 1032 1347 1075 οὒκ
1371 1032 1433 1075 εἴα
1455 1031 1551 1082 τούς
1574 1049 1705 1088 arpa-s

224 1098 372 1150 τιώτας
394 1098 674 1157 ὑπερφρονεῖν,
706 1100 834 1151 οὕτως
857 1103 1060 1157 ἐγκρατῶς
1084 1101 1217 1144 αὐτῶν
1240 1095 1375 1158 ἦρχεν.
1443 1095 1494 1156 ἦν
1518 1099 1562 1143 δ’
1591 1101 1702 1160 αὐτῷ

223 1168 322 1225 γυνὴ
346 1170 556 1210 Πλωτίνα.
1487 1199 1490 1202 -
1711 1174 1756 1210 15

354 1235 619 1293 Ἔστράτευσε
642 1236 778 1290 μέντοι
801 1237 864 1279 ἐπὶ
889 1235 1034 1287 Δάκας
1047 1269 1059 1288 ,
1085 1235 1112 1292 ἢ
1137 1237 1306 1287 Λακοῦς
1328 1235 1431 1279 κατὰ
1445 1235 1610 1288 Ἴωνας,
1645 1235 1702 1288 ὥς

221 1302 244 1347 ὃ
271 1304 488 1356 Ἀππιανὸς
522 1307 562 1347 ἐν
594 1309 654 1362 τῷ
685 1308 852 1362 sinouse?
882 1307 1004 1363 τρίτῳ
1042 1303 1148 1363 λόγῳ
1174 1310 1246 1360 τῆς
1272 1303 1498 1359 Ῥωμαϊκῆς
1521 1305 1702 1361 ἱστορίας

222 1374 345 1431 φησί,
368 1373 470 1429 μήτε
488 1371 683 1434 χρήματα
709 1372 736 1414 ἃ
759 1375 939 1423 ἓπετείως
962 1372 1192 1427 ἐλάμβανον
1217 1372 1372 1416 διδόναι
1399 1373 1536 1424 αὐτοῖς
1559 1372 1699 1429 ἀνεχό-

220 1458 364 1496 μενος,
400 1443 467 1484 καὶ
494 1443 609 1491 δίκας
641 1440 941 1498 εἰσπράξασθαι
971 1446 1052 1484 τῶν
1074 1443 1362 1498 πεπραγμένων
1385 1442 1522 1492 αὐτοῖς
1545 1440 1699 1499 ἱμειρό-

220 1527 354 1564 μενος.
422 1508 656 1563 πυθόμενος
687 1505 756 1551 οὗν
792 1507 812 1551 ὅ
837 1511 1093 1562 Δεκέβαλος,
1129 1509 1174 1560 ὃς
1198 1512 1350 1552 Δακῶν
1372 1505 1492 1566 ἦρχε,
1527 1511 1601 1566 τὴν
1623 1515 1754 1554 τοῢῖο

222 1582 432 1635 Τραϊανοῦ
468 1578 572 1620 κατὰ
607 1583 679 1621 τοῦ
713 1577 858 1628 ἔθνους
890 1577 1020 1635 ὁρμήν
1029 1611 1042 1630 ,
1090 1578 1262 1631 ἔδεισεν,
1307 1579 1424 1629 εἰδὼς
1460 1578 1530 1621 τὸν
1566 1578 1698 1636 ἄνδρα

220 1645 609 1704 στρατηγικώτατον.
678 1648 745 1688 καὶ
778 1647 955 1701 πολέμου
991 1648 1258 1704 συρραγέντος
1290 1649 1405 1704 σφίσι
1429 1647 1604 1697 πολλοὺς
1625 1648 1698 1701 μὲν

311 1775 334 1809 2
359 1770 444 1808 οὔτ’
470 1766 518 1819 ἦν
543 1771 751 1818 ὀξύρροπος
774 1771 868 1817 πρὸς
892 1772 1018 1820 ὀργήν]
1045 1774 1108 1809 καὶ
1133 1772 1223 1820 ὀργῇ
1247 1772 1379 1820 ἥκιστα
1403 1771 1603 1811 ἐδουλοῦτο
1630 1777 1695 1810 Dio

307 1821 346 1854 in
370 1821 519 1855 Bekkeri
544 1822 675 1855 Anecd.
705 1821 787 1864 134,
822 1823 887 1856 20:
923 1827 960 1855 et
990 1824 1043 1856 sic
1066 1822 1278 1867 xiphilinus.
1464 1822 1488 1855 4
1510 1818 1551 1856 ἔν
1574 1834 1628 1858 om
1651 1823 1693 1856 B.

308 1866 331 1900 6
359 1877 397 1900 τε
421 1879 474 1900 om
498 1867 541 1904 A.
685 1866 728 1902 17
754 1865 909 1911 εἰκοστῷ
930 1867 1065 1913 τρίτῳ]
1098 1868 1267 1924 inscripto
1300 1864 1457 1912 Δακική.
1506 1868 1554 1903 cf.
1577 1869 1697 1903 Photii

309 1911 476 1993 ffiblffth'
499 1925 537 1958 Ρ.
563 1913 607 1949 16
632 1924 654 1947 a
677 1912 722 1946 22
748 1913 804 1948 ed.
827 1902 994 1949 Bekkeri.
1111 1915 1159 1949 20
1181 1907 1269 1959 ἦρχε
1292 1913 1419 1948 δακών
1442 1913 1517 1950 ΑΒ.
1626 1914 1697 1949 τοῦ

217 2075 312 2106 tores
337 2073 604 2117 contemnebat,
637 2084 708 2106 non
737 2072 906 2118 proclivis
944 2075 1022 2107 erat
1054 2073 1096 2107 ad
1132 2071 1366 2106 iracundiam:
1399 2071 1512 2106 aliena
1543 2072 1695 2118 pecunia

216 2129 332 2172 aeque
354 2129 395 2152 ac
419 2119 585 2153 caedibus
608 2119 749 2153 iniustis
774 2119 993 2152 abstinebat.
1027 2119 1185 2163 quamvis
1212 2129 1335 2163 magno
1361 2118 1473 2151 animo
1498 2129 1694 2164 magnoque

213 2163 356 2208 ingenio
383 2165 562 2208 praeditus
587 2165 623 2198 in
647 2165 723 2198 vias
749 2172 869 2208 portus
893 2175 1069 2209 operaque
1094 2164 1233 2209 publica
1256 2174 1398 2208 magnos
1421 2169 1577 2208 sumptus
1594 2165 1692 2198 face-

213 2215 281 2244 ret.
304 2221 379 2243 cum
398 2209 527 2243 circum
544 2218 740 2255 equestrem
757 2211 941 2255 collapsum
959 2211 1202 2253 instaurasset,
1221 2211 1452 2254 maioremque
1467 2217 1503 2242 et
1519 2210 1695 2263 pulchrio-

213 2267 286 2290 rem
311 2255 467 2300 fecisset,
492 2255 674 2310 inscripsit
697 2268 734 2290 se
757 2256 842 2289 fecis
835 2268 883 2290 se
906 2263 1041 2291 tantum
1067 2262 1106 2290 ut
1129 2257 1276 2301 populus
1302 2256 1475 2289 Romanus
1500 2255 1587 2290 satis
1611 2266 1693 2300 spa-

213 2301 255 2335 tii
280 2301 438 2336 haberet.
485 2301 595 2346 magis
619 2302 761 2346 gavisus
788 2306 841 2335 est
863 2313 901 2335 se
926 2302 1032 2336 amari
1057 2313 1158 2347 quam
1184 2300 1367 2335 honorari·
1400 2300 1551 2335 subditis
1575 2311 1690 2345 carus,

211 2347 372 2381 hostibus
405 2347 569 2381 terribilis
606 2359 682 2381 esse
719 2347 842 2382 voluit.
891 2348 1050 2393 quamvis
1088 2348 1270 2402 disciplina
1303 2347 1496 2380 litterarum
1532 2346 1692 2381 eruditus

212 2404 281 2426 non
306 2396 415 2437 esset,
442 2405 514 2427 rem
536 2393 646 2438 ipsam
671 2398 787 2427 tamen
812 2397 848 2426 et
871 2394 971 2428 novit
994 2398 1030 2427 et
1054 2394 1221 2429 exercuit.
1269 2392 1344 2425 vini
1367 2392 1432 2425 fuit
1456 2392 1603 2434 avidior,
1628 2393 1689 2426 sed

211 2438 302 2473 citra
326 2439 550 2473 ebrietatem:
587 2450 770 2483 puerorum
796 2451 939 2484 magnus
963 2444 1116 2484 amator,
1149 2439 1211 2473 sed
1243 2437 1334 2472 citra
1358 2437 1560 2483 cuiusquam
1586 2438 1690 2472 mole·

211 2485 326 2518 stiam.
375 2496 450 2518 cum
477 2485 532 2519 vir
555 2485 740 2519 bellicosus
766 2491 857 2519 esset
881 2491 918 2520 et
950 2497 1008 2519 res
1024 2496 1181 2539 magnas
1214 2484 1402 2528 gessisset,
1440 2495 1482 2517 ea
1506 2484 1690 2539 disciplina

211 2530 339 2564 milites
364 2530 587 2574 continebat,
623 2535 662 2565 ut
694 2542 753 2565 eos
784 2531 903 2565 efferri
930 2530 1054 2566 animis
1081 2542 1148 2565 non
1172 2535 1364 2575 pateretur.
1411 2540 1555 2564 uxorem
1579 2529 1688 2564 Ploti-

213 2586 290 2609 nam
315 2576 451 2655 11ῗέΙίΙὶ
472 2632 659 2676 aggressus
683 2625 738 2656 est
760 2622 885 2666 Dacas,
911 2633 974 2656 seu
999 2621 1111 2655 Dacos
1135 2620 1323 2655 secundum
1347 2621 1464 2663 Iones,
1489 2623 1528 2654 ut
1553 2618 1687 2674 Appia-

212 2676 277 2699 nus
301 2665 352 2699 ait
374 2667 542 2710 vigesimo
569 2667 675 2702 tertio
699 2668 877 2702 Romanae
901 2667 1066 2702 historiae
1089 2666 1199 2708 libro,
1235 2667 1327 2710 quod
1352 2671 1389 2701 et
1413 2677 1526 2700 annua
1550 2667 1686 2700 tributa

209 2711 364 2756 pendere
395 2715 601 2756 recusabat,
645 2718 681 2747 et
712 2725 831 2748 eorum
863 2715 956 2749 facta
990 2713 1112 2747 ulcisci
1141 2712 1317 2757 cupiebat.
1364 2713 1463 2746 cuius
1497 2706 1683 2745 adventum

209 2757 405 2792 Decebalus
428 2759 543 2803 gentis
570 2760 645 2794 eius
668 2759 830 2805 princeps
854 2760 991 2805 timuit,
1016 2770 1082 2793 non
1106 2758 1248 2803 ignarus
1264 2757 1456 2793 Traianum
1476 2757 1585 2792 virum
1605 2767 1683 2791 esse
