1794 3120
261 140 324 184 22
727 141 953 186 loANle
987 132 1246 186 ΖΟΝἏΒΑΕ

259 252 437 309 πρόσθεν
460 251 576 304 ὄντα,
612 252 667 304 ὥς
689 254 805 304 ἐνίοις
828 259 905 298 τῶν
927 253 1150 312 βαρβάρων
1174 258 1376 312 τρίμηνον,
1410 257 1477 298 καὶ
1509 260 1588 300 τῶν
1615 254 1708 299 Ἓλ-

256 319 385 375 λήνων
425 319 589 378 Ἀρκάσι
627 321 700 375 μὲν
742 321 1005 378 τετράμηνον,
1050 329 1133 373 τοῖς
1163 325 1207 366 δὲ
1233 324 1467 380 Ἀκαρνᾶσιν
1496 321 1705 379 ἑξάμηνον.

255 389 492 444 Αἰγυπτίοις
515 390 559 431 δὲ
579 395 764 444 μηνιαῖος
784 386 832 444 ἦν
856 388 876 432 ὅ
901 389 1100 443 ἐνιαυτός,
1137 389 1218 434 εἶτα
1239 390 1503 449 τετράμηνος·
1551 392 1614 434 διὸ
1637 394 1705 434 καὶ

255 455 511 514 ἀρχαιότατοι
536 459 721 500 ὁόκοῦσιν
745 456 841 500 εἶναι
852 490 865 510 ,
912 460 1040 500 καίτοι
1062 459 1119 513 μὴ
1145 458 1276 512 ὄντες,
1318 462 1478 514 πλῆθος
1499 458 1705 514 ἀμήχανον

92 528 235 568 1³1323
258 525 355 567 ἐτῶν
386 525 449 566 ἐπὶ
481 531 568 575 ταῖς
597 527 860 582 γενεαλογίαις
891 524 1133 582 εῗσάγοντες,
1175 526 1245 569 ἅτε
1277 527 1327 582 δὴ
1359 527 1454 577 τοὺς
1485 530 1616 582 μῆνας
1648 529 1736 582 εῗς5
1790 526 1794 534 ⁷

253 592 351 636 ἐτῶν
373 593 573 646 τιθέμενοι
596 592 789 650 ἀριθμόν.
823 596 888 636 καὶ
912 594 980 637 τὸν
998 592 1243 652 Ἰανουάριον
1258 596 1310 638 ’δὲ
1332 599 1478 650 Νομᾶς
1501 597 1556 647 εἲς
1575 595 1704 654 ἀρχὴν
1783 590 1790 593 „

252 665 324 703 τοῦ
347 659 459 710 ἔτους
482 660 698 715 ἀπένειμεν.
1571 671 1575 676 ’

388 750 505 795 Οὕτω
529 753 574 796 δὲ
596 752 827 810 δικαιοσύνῃ
851 756 917 796 καὶ
941 755 1121 814 εὐσεβείᾳ
1143 756 1427 807 συνεθίσαντος
1444 755 1490 798 τὸ
1509 750 1702 811 ὑπήκοον,

249 818 414 875 ἐξῄρητο
439 818 565 875 πάντη
588 821 639 863 τὰ
662 827 734 863 τοῦ
758 822 946 876 πολέμου.
991 823 1038 866 οὗ
1061 823 1138 880 γὰρ
1161 822 1284 878 μόνον
1307 822 1328 866 ὅ
1347 816 1553 878 Ῥωμαίων
1576 824 1703 878 δῆμος

247 884 430 942 ἧμέρωτο
461 891 513 943 τῇ
546 893 618 930 τοῦ
650 889 848 942 βασιλέως
879 890 1042 949 εὐνομίᾳ
1073 893 1138 933 καὶ
1162 890 1377 950 πρᾳότητι,
1413 891 1516 934 ἀλλὰ
1538 892 1605 934 καὶ
1627 891 1700 941 τὰς
1712 909 1758 944 10
1791 911 1794 949 j

247 953 378 1010 κύκλῳ
400 952 533 1004 πόλεις
555 955 659 1012 ἀρχὴ
682 959 908 1010 μεταβολῆς
930 955 1072 1010 ἔλαβε,
1101 960 1168 999 καὶ
1190 957 1322 1009 πόθος
1345 957 1524 1016 εἲσερρύη
1549 956 1702 1009 πάντας
1789 962 1794 972 ²

246 1019 403 1077 εἰρήνης
426 1023 491 1063 καὶ
513 1026 586 1064 τοῦ
609 1023 787 1073 δικαίου,
821 1027 896 1079 γῆν
920 1023 1103 1080 φυτεύειν
1125 1027 1192 1066 καὶ
1215 1025 1332 1068 τέκνα
1352 1027 1512 1084 τρέφειν
1533 1028 1574 1070 ἐν
1597 1023 1700 1082 ἥσυ-

238 1089 311 1146 χίᾳ
342 1089 409 1130 καὶ
440 1089 634 1143 σέβεσθαι
664 1088 801 1140 θεούς.
870 1090 959 1134 οὔτε
991 1091 1069 1147 γὰρ
1103 1090 1276 1147 πόλεμος
1310 1091 1402 1136 οὕτε
1435 1092 1576 1154 στάσις
1609 1093 1699 1137 οὕτε
1735 1130 1739 1134 s

242 1156 504 1210 νεωτερισμὸς
533 1159 621 1214 περὶ
653 1158 851 1208 πολιτείας
884 1157 1088 1214 ἱστόρηται
1111 1163 1236 1214 Νομᾶ
1264 1159 1569 1214 βασιλεύοντος,
1604 1161 1695 1204 οὐδ’
1790 1216 1792 1218 ¹

191 1227 220 1261 B
245 1223 310 1264 ἐπ’
339 1224 482 1266 ἐκεῖνον
505 1223 635 1281 ἔχθρα
658 1242 718 1274 τις
738 1224 763 1279 ἢ
790 1224 947 1282 φθόνος
969 1226 994 1280 ἢ
1020 1225 1212 1279 σύστασις
1235 1228 1392 1284 ἀνδρῶν
1414 1231 1481 1272 καὶ
1505 1229 1695 1283 ἐπιβουλὴ
1709 1242 1755 1278 15

246 1290 302 1332 δι’
336 1290 466 1347 ἔρωτα
493 1293 699 1343 βασιλείας
731 1293 918 1347 γενέσθαι
949 1310 1016 1335 ποι
1046 1294 1352 1351 ἀναγέγραπται.
1419 1296 1627 1352 θυγατέρα
1651 1297 1695 1338 δ’
1790 1295 1794 1301 ’

244 1358 421 1412 ἐσχηκὼς
442 1361 698 1414 Πομπιλίαν,
735 1362 912 1418 Μαρκίῳ
947 1359 1095 1417 ταύτην
1127 1363 1304 1413 ἐξέδοτο·
1349 1364 1392 1414 ἐξ
1424 1358 1473 1419 ἧς
1503 1362 1698 1421 Μάρκιος

233 1424 373 1481 Ἄγκος
405 1429 676 1484 θυγατριδοῦς
707 1428 852 1483 ἐτέχθη
885 1429 995 1486 αὐτῷ
1007 1461 1019 1480 ,
1065 1429 1109 1479 ὃς
1139 1430 1242 1485 μετὰ
1268 1435 1449 1474 Τοῦλλον
1474 1429 1696 1475 Ὅστίλλιον

240 1494 483 1546 ἐβασίλευσε.
551 1500 692 1539 τοῦτον
722 1501 912 1550 πενταετῆ
941 1498 1169 1540 καταλιπών
1202 1497 1223 1540 ὃ
1255 1503 1401 1553 Νομᾶς
1432 1497 1695 1555 ἐτελεύτησεν,

239 1563 342 1604 κατὰ
374 1563 519 1620 μικρὸν
552 1562 629 1606 ὑπὸ
663 1563 794 1621 γήρως
826 1566 901 1606 καῖ
928 1563 1048 1607 νόσου
1087 1570 1273 1621 μαλακῆς
1308 1566 1749 1624 ἀπομαραινόμενος,2ο
1790 1563 1794 1591 ‘⁵

328 1714 350 1748 2
373 1709 575 1756 ἄρκανᾶσιν
599 1714 641 1752 C.
768 1715 791 1751 6
816 1712 1056 1762 ιάννουοὲριον
1081 1718 1143 1756 W.
1273 1717 1296 1753 9
1318 1714 1440 1761 πάντη
1462 1717 1537 1762 ΑΒ,
1559 1728 1691 1753 παντε-

325 1758 394 1798 λῶς
424 1759 649 1805 Plutarchus,
681 1757 804 1795 πάντα
838 1763 925 1797 PW.
1061 1766 1107 1799 10
1128 1761 1310 1809 πρᾳότητι
1333 1763 1364 1797 Α
1391 1762 1615 1808 Plutarchus,
1645 1765 1692 1809 τῇ

324 1802 508 1850 πρᾳότητι
523 1805 612 1839 PW.
705 1807 750 1841 14
764 1807 916 1848 πολίτας
932 1809 976 1852 C,
999 1808 1186 1843 πολιτείαν
1201 1809 1417 1844 Plutarchus.
1511 1810 1556 1845 15
1572 1805 1690 1853 ἔχθρα

326 1860 380 1889 τις
402 1844 428 1894 ἢ
451 1848 597 1894 φθόνος
617 1850 678 1885 ΑΒ
701 1851 929 1899 Plutarchus,
952 1852 1007 1894 τὶς
1027 1852 1173 1898 φθόνος
1196 1849 1222 1899 ἢ
1246 1852 1365 1900 ἔχθρα
1386 1853 1475 1890 PW.
1566 1853 1691 1893 στάσις

325 1893 374 1928 A:
409 1896 612 1931 Plutarchus
636 1893 814 1938 σύστασις.
951 1897 1037 1955 καὶ]
1062 1894 1089 1944 ἢ
1113 1901 1155 1934 Ο.
1294 1898 1339 1934 18
1361 1896 1590 1945 &warewic
1610 1899 1685 1934 Ac·

326 1939 371 1974 20
394 1937 508 1989 κατὰ]
533 1940 596 1975 καὶ
623 1941 666 1976 C.
804 1939 1145 1989 ὑπομαραινομενος
1166 1946 1209 1982 A.
1395 1952 1401 1957 ”

219 2069 396 2108 'mensium
429 2075 568 2109 habitus
601 2079 715 2118 esset3
748 2080 788 2111 ut
811 2078 903 2124 apud
925 2079 1105 2114 nonnullos
1127 2081 1295 2115 barbaros
1318 2080 1502 2114 trimestris
1524 2080 1684 2125 habetur,

232 2123 268 2151 et
296 2118 391 2153 inter
413 2121 571 2155 Graecos
605 2123 695 2166 apud
726 2123 879 2157 Arcades
902 2125 947 2167 4,
982 2125 1072 2169 apud
1095 2126 1296 2160 Acarnanes
1319 2126 1341 2161 6
1365 2126 1542 2160 mensium.
1590 2127 1684 2173 apud

230 2164 427 2210 Aegyptios
451 2177 534 2199 vero
559 2173 752 2202 menstruus
775 2169 843 2203 fuit
865 2181 996 2213 annus,
1022 2170 1146 2204 deinde
1168 2171 1452 2215 quadrimestris:
1477 2172 1567 2206 unde
1590 2173 1683 2207 anti-

228 2210 383 2253 quissimi
422 2212 508 2244 salso
549 2212 737 2256 habentur,
790 2226 864 2248 cum
897 2215 935 2249 in
966 2216 1179 2260 genealogiis
1209 2217 1484 2262 inexplicabilem
1517 2228 1683 2252 annorum

228 2265 402 2290 numerum
426 2263 640 2301 recenseant,
674 2260 804 2304 quippe
822 2260 996 2295 'mensibus
1020 2272 1183 2295 annorum
1204 2262 1278 2295 loco
1301 2262 1438 2307 positis.
1482 2261 1681 2298 Ianuarium

228 2311 311 2334 vero
337 2301 450 2336 Numa
473 2308 577 2348 caput
600 2305 681 2338 anni
707 2316 783 2338 esse
809 2307 930 2345 voluit.

363 2369 448 2403 Cum
474 2371 517 2404 ad
541 2371 708 2405 iustitiam
733 2377 768 2407 et
797 2375 962 2419 pietatem
985 2373 1141 2408 subditos
1163 2373 1213 2408 ita
1236 2374 1524 2419 consuefecisset,
1562 2386 1680 2411 omues

225 2412 390 2448 bellorum
423 2422 533 2450 motus
568 2417 852 2463 conquieverunt.
899 2431 1009 2464 neque
1033 2420 1121 2453 enim
1145 2420 1289 2464 populus
1311 2419 1486 2458 Romanus
1510 2422 1680 2456 duntaxat

224 2460 402 2503 aequitate
426 2466 462 2494 et
484 2463 743 2500 mansuetudine
766 2466 860 2509 regis
883 2467 996 2500 factus
1019 2469 1076 2499 est
1096 2465 1293 2510 humanior,
1317 2466 1377 2500 sed
1400 2470 1436 2500 et
1458 2466 1678 2501 circumcirca

222 2504 387 2539 finitimas
412 2506 592 2550 civitates,
624 2510 767 2546 mutatis
791 2511 958 2554 moribus,
982 2511 1078 2556 pacis
1102 2516 1138 2544 et
1159 2510 1333 2554 iustitiae,
1358 2512 1522 2546 colendae
1547 2515 1677 2556 terrae,

222 2549 351 2584 liberos
376 2552 411 2584 in
435 2553 680 2598 tranquillitate
706 2556 873 2590 educandi
897 2557 1049 2601 deosque
1082 2556 1273 2590 venerandi
1305 2557 1428 2602 cupido
1461 2558 1566 2602 cepit.
1613 2569 1678 2590 ne·-

223 2606 290 2639 que
313 2597 404 2630 enim
425 2599 548 2633 bellum
571 2605 631 2634 aut
654 2601 778 2634 seditio
803 2607 863 2635 aut
885 2613 1048 2636 novarum
1070 2612 1186 2637 rerum
1211 2602 1361 2636 studium
1379 2602 1490 2636 Numa
1506 2606 1676 2646 regnante

220 2641 376 2675 exstitit:
402 2655 514 2688 neque
539 2645 641 2679 etiam
664 2646 804 2689 invidia,
827 2647 1002 2682 inimicitia
1025 2651 1085 2681 aut
1107 2647 1314 2692 conspiratio
1337 2652 1442 2692 atque
1464 2648 1607 2682 insidiae
1629 2659 1675 2681 ex

220 2686 408 2730 cupiditate
438 2691 535 2733 regni
567 2697 688 2725 contra
711 2692 856 2726 Numam
880 2698 1093 2739 comparatae
1117 2696 1257 2737 usquam
1281 2697 1522 2728 memorantur.
1569 2693 1673 2727 filiam

219 2731 422 2777 Pompiliani
446 2735 579 2770 Marcio
603 2737 807 2782 despondit,
833 2750 876 2772 ex
900 2750 968 2784 qua
992 2739 1022 2772 ei
1047 2739 1162 2772 Ancus
1187 2738 1341 2772 Marcius
1365 2750 1473 2783 nepos
1497 2742 1552 2772 est
1574 2738 1672 2783 geni-

220 2782 288 2821 tus⁷
315 2780 376 2823 qui
398 2785 478 2825 post
499 2782 636 2817 Tullum
661 2783 840 2818 Hostilium
864 2784 1039 2831 regnavit.
1089 2795 1156 2829 quo
1181 2784 1294 2818 Numa
1317 2783 1529 2829 quinquenni
1551 2784 1672 2818 relicto

1791 2675 1794 2682 ..
1791 2650 1794 2663 .-
1781 2576 1794 2637 -;-.ὲ
1792 2561 1794 2567 .
1780 2421 1794 2551 ...u—ad..
1777 2348 1794 2412 ..4⁴22
1786 2335 1794 2338 2
1780 2289 1794 2326 iar„
1786 2195 1794 2266 .„--:...
1786 2111 1794 2166 „Am
1773 2011 1794 2094 *-.'.-....
1771 1986 1794 1998 l.
1790 1957 1794 1974 .-
1787 1911 1794 1942 «ἡ
1790 1867 1794 1886 ...
1789 1846 1794 1857 .·
1788 1816 1794 1826 .-
1789 1779 1794 1802 .-.
1791 1762 1794 1764 .
