1794 3120
592 122 875 167 ANNAL'IUM
905 125 989 166 Vll
1026 126 1094 167 10.
1503 127 1564 173 37

95 236 162 279 -ἐκι
182 235 450 292 δικαστηρίων
489 235 687 280 ἀπέκτεινε
702 269 716 288 ,
763 237 1033 294 συκοφαντίας
1065 238 1157 280 κατ’
1197 239 1327 282 αὐτῶν
1361 240 1460 298 πρὸς
1495 241 1564 284 τὸν

30 305 35 308 ’
103 302 264 360 πατέρα’
278 305 499 360 προδοσίας
519 304 802 359 πλαττόμενος.

230 403 399 460 ’Όμοιον
425 406 472 449 δέ
492 423 530 449 τι
552 403 682 464 τούτῳ
706 407 772 448 καὶ
797 403 1062 462 ὃ“Ηρόδοτος
1083 407 1243 464 ἱστορεῖ.
1311 409 1563 467 Περιάνδρον

102 471 181 529 γὰρ
202 471 272 516 τόν
295 474 491 528 Κυψέλου
514 472 707 531 τύραννον
733 475 944 531 Κορίνθου
967 473 1175 529 γενόμενόν
1199 492 1299 532 φησι
1318 476 1420 532 πρὸς
1446 475 1561 533 Θρα-

6 572 14 593 ¹.
69 539 304 596 ὅσῦβουλον
341 542 411 586 τὸν
442 541 636 599 Μιλήτου
671 541 864 599 τύραννον
907 543 1224 598 διαπέμψασθαι
1258 541 1563 599 πυνθανόμενον

7 594 33 672 ἓξ
101 607 210 661 ὅπως
240 610 351 668 αὐτῷ
373 610 425 653 τὰ
458 615 530 667 τῆς
561 611 689 668 ἀρχῆς
720 611 916 669 ἀσφαλῶς
947 611 1038 663 ἕξει.
1106 611 1175 655 τὸν
1197 611 1241 654 δὲ
1266 610 1562 669 Θρασύβουλον

11 678 28 736 «¹5
98 681 158 736 τῷ
181 677 460 735 ἀπαγγείλαντι
491 685 620 723 ταῦτα
650 680 777 735 μηδὲν
801 679 1119 737 ἀποκρίνασθαι,
1153 678 1411 736 ἀπαγαγόντα
1434 682 1459 723 δ
1466 680 1478 697 '
1506 683 1560 732 εἰς

10 750 31 825 ξς·
100 743 238 802 λήϊον,
283 751 365 790 τῶν
387 746 600 802 ἀσταχύων
621 748 716 798 τοὺς
736 746 1002 804 ὑπερέχοντας
1024 748 1218 803 ἐκτέμνειν
1241 766 1283 792 τε
1307 751 1374 791 καὶ
1397 747 1560 807 ῥιπτεῖν,

15 830 45 873 '¹22
99 815 171 857 καῖ
186 813 326 866 ὀὕτως
357 814 596 871 ἀποπέμψαι
617 816 688 859 τὸν
710 816 961 870 ἐσταλμένον.
1029 816 1098 859 τὸν
1130 818 1174 860 δὲ
1196 815 1470 860 ἐπανελθόντα
1493 820 1560 861 καὶ

18 875 173 942 ’γιοτὴν
204 886 278 926 τοῦ
300 882 607 940 ΧΘρασυβούλου
641 883 876 939 συμβουλὴν
907 883 1162 941 ἐρωτώμενον
1199 887 1318 928 εἰπεῖν
1349 888 1404 936 εἷς
1425 904 1558 943 παρα-

97 954 231 1008 πλῆγα
260 956 527 1008 πεμφθῆναι,
563 955 629 995 καὶ
665 954 892 1008 διηγεῖσθαι
926 952 1003 995 ὅσα
1036 954 1180 1004 ἐκεῖνος
1210 954 1390 1009 ἐποίησε,
1427 953 1485 1010 μή
1520 972 1559 998 τι
1581 962 1609 997 Ρ
1632 962 1650 997 1
1671 961 1738 999 331

97 1019 200 1077 πρὸς
229 1018 252 1063 ὃ
282 1018 480 1081 ἠρωτήθη
505 1019 802 1079 φθεγξάμενος·
837 1020 908 1063 τὸν
931 1021 978 1063 δέ
997 1038 1040 1076 γε
1063 1023 1318 1079 Περίανδρον
1351 1023 1560 1077 συνηκέναι

98 1088 168 1130 τὸν
198 1091 273 1131 τοῦ
298 1088 594 1146 Θρασυβούλου
626 1087 840 1145 λογισμόν,
870 1091 936 1131 καὶ
966 1089 1061 1139 τοὺς
1082 1087 1348 1148 ὑπερέχοντας
1368 1094 1448 1133 τῶν
1472 1092 1560 1135 Κο-

100 1157 268 1213 ρινθίων
289 1154 470 1208 ἅπαντας
491 1157 696 1201 ἀπολέσαι.

46 1271 93 1306 15
235 1259 320 1301 Καὶ
341 1256 364 1300 ὃ
387 1258 533 1310 Σέξτος
554 1253 626 1302 οὖν
647 1257 753 1303 οὕτω
775 1259 870 1310 τοὺς
891 1261 933 1300 Γ
928 1261 1115 1308 αου·ι’·νους
1134 1262 1335 1313 μετῆλθε,
1376 1261 1442 1302 καὶ
1465 1259 1559 1310 τοὺς

98 1327 173 1381 μὲν
193 1327 397 1384 κρείττους
418 1326 617 1379 ἀπώλλυε,
651 1333 710 1386 τῷ
731 1326 880 1382 πλήθει
903 1328 947 1370 δὲ
969 1327 1021 1370 τὰ
1044 1331 1160 1384 σφῶν
1183 1328 1332 1381 διένεμε
1351 1326 1558 1384 χρήματα.

99 1396 167 1438 καὶ
187 1395 291 1450 μετὰ
311 1400 430 1439 τοῦτο
452 1401 532 1439 τῶν
553 1397 626 1451 μὲν
649 1397 962 1455 διαφθαρέντων
983 1395 1078 1451 ἤδη,
1110 1400 1190 1439 τῶν
1215 1396 1258 1438 δὲ
1281 1400 1428 1439 λοιπῶν
1450 1397 1557 1451 ἧπα-

98 1464 277 1519 τημένων
306 1466 372 1506 καὶ
403 1462 534 1508 πάντα
566 1464 832 1509 πιστευόντων
863 1465 996 1524 αὐτῷ,
1046 1464 1148 1519 μετὰ
1181 1469 1261 1508 τῶν
1294 1463 1559 1519 αἰχμαλώτων

39 1553 43 1559 ·
93 1530 310 1587 ‘Pwpalwv
330 1534 397 1576 καὶ
420 1538 501 1576 τῶν
522 1533 770 1589 αὐτομόλων,
801 1532 872 1585 οὓς
891 1534 1066 1584 πολλοὺς
1086 1534 1285 1577 διὰτοῦτο
1299 1532 1559 1592 συνήθροισε,

44 1602 266 1657 ποκατέσχε
290 1600 364 1656 τὴν
386 1601 500 1645 πόλιν
523 1605 589 1646 καὶ
610 1608 670 1663 τῷ
691 1605 812 1661 πατρὶ
835 1603 1108 1659 παραδέδωκε.
1176 1604 1242 1645 καὶ
1267 1601 1312 1652 ὃς
1335 1603 1482 1659 ἐκείνης
1503 1607 1561 1663 τῷ

98 1669 176 1730 υἱῷ
196 1668 503 1730 παρεχώρησεν,
537 1670 660 1724 αὐτὸς
681 1673 726 1718 δὲ
747 1673 849 1731 πρὸς
871 1671 975 1715 ἄλλα
997 1670 1238 1727 ἐπολέμησεν
1260 1670 1374 1727 ἔθνη.
1579 1679 1609 1713 Β

191 1833 215 1870 3
234 1830 461 1880 Ἲεῑοόδοτος]
485 1835 508 1870 5
531 1834 577 1871 92
598 1836 634 1871 6.
773 1835 795 1870 4
823 1833 1017 1881 Κυψέλλου
1039 1835 1129 1870 Pw.
1285 1835 1328 1869 10
1347 1835 1415 1870 τοῦ
1438 1846 1490 1869 om
1513 1835 1556 1870 A.

193 1878 332 1926 βουλὴν
351 1879 427 1916 Ac.
578 1883 623 1918 12
645 1893 682 1926 ys
708 1893 762 1916 om
787 1881 828 1917 A.
982 1883 1024 1917 15
1044 1880 1196 1926 γαΐνους
1217 1881 1260 1915 C.
1414 1881 1458 1917 16
1481 1879 1557 1916 διέ-

191 1936 292 1972 νειμε
313 1925 357 1961 A.
489 1927 537 1964 20
555 1922 698 1972 ἐκείνην
722 1926 761 1963 Β.

101 2074 247 2109 sicarios
269 2072 467 2115 interfecit3
491 2073 578 2108 alios
597 2072 635 2108 in
650 2073 779 2109 iudicio
802 2073 983 2108 calumniis
1003 2083 1199 2120 oppressos,
1223 2073 1322 2119 quasi
1337 2073 1455 2107 urbem
1468 2074 1561 2119 patri

102 2132 166 2157 suo
187 2120 340 2167 ptodere
355 2119 499 2165 vellent,
522 2120 667 2156 amovit.

239 2198 360 2234 Simile
392 2198 556 2244 quiddam
583 2198 785 2234 Herodotus
817 2198 861 2232 de
882 2196 1075 2232 Periandro
1098 2195 1244 2242 Cypseli
1271 2196 1367 2240 filio,
1399 2196 1560 2232 Corinthi

104 2251 252 2291 tyranno
266 2269 277 2289 ,
307 2243 460 2280 seribih·
497 2244 556 2290 qui
582 2256 658 2280 cum
689 2257 710 2279 a
734 2243 958 2289 Thrasybulo
988 2242 1104 2278 Mileti
1124 2246 1276 2286 tyranno
1298 2242 1476 2278 consilinm
1498 2245 1559 2278 fir-

102 2291 218 2327 mandi
238 2290 379 2336 imperii
397 2290 574 2337 petiisset,
598 2291 854 2336 Thrasybulum
880 2289 998 2324 nuntio
1022 2300 1111 2324 voce
1133 2288 1219 2323 nihil
1239 2289 1474 2334 respondisse,
1497 2290 1559 2325 sed

104 2350 147 2372 eo
169 2337 207 2372 in
229 2342 381 2392 segetem
403 2336 575 2382 deducto,
606 2337 727 2372 culmis
751 2335 1033 2372 eminentioribus
1055 2334 1196 2369 resectis
1220 2339 1257 2368 et
1280 2335 1430 2370 abiectis
1452 2335 1560 2370 homi-

103 2394 182 2418 nem
202 2383 387 2418 dimisisse.
433 2383 494 2429 qui
525 2394 690 2419 reversus
718 2384 831 2428 deque
856 2382 944 2416 illius
966 2381 1109 2416 consilio
1133 2386 1278 2425 rogatus
1302 2381 1434 2415 dixerit
1454 2393 1493 2416 se
1516 2382 1560 2416 ad

102 2429 274 2465 hominem
305 2433 440 2463 emotae
473 2429 596 2464 mentis
629 2441 708 2464 esse
733 2429 869 2464 missum
895 2432 1026 2473 (neque
1048 2427 1135 2461 enim
1159 2427 1204 2461 ad
1225 2427 1442 2472 interrogata
1465 2427 1561 2473 quic-

103 2487 205 2522 quam
227 2474 490 2520 respondisse),
524 2486 566 2510 ac
596 2476 676 2520 quid
707 2475 765 2510 ilie
797 2475 939 2509 fecisset
959 2473 1131 2508 narrarit:
1156 2477 1194 2506 at
1214 2473 1437 2507 Periandrum
1461 2473 1563 2509 intel-

102 2522 194 2557 lecta
215 2520 434 2566 Thrasybuli
452 2521 589 2556 ratione
610 2533 727 2557 omnes
750 2521 1007 2556 Corinthiorum
1025 2518 1201 2566 principes
1225 2519 1419 2554 sustulisse.

239 2598 296 2634 Ad
317 2599 462 2635 eundem
482 2600 617 2635 modum
640 2601 774 2635 Sextus
801 2599 907 2634 etiam
942 2609 1018 2633 cum
1049 2597 1199 2633 Gabinis
1229 2598 1325 2642 egit,
1351 2602 1387 2632 et
1415 2597 1565 2632 meliori-

104 2646 170 2680 bus
193 2645 319 2681 occisis
343 2658 464 2690 eorum
486 2646 655 2693 pecunias
676 2647 783 2691 vulgo
808 2644 1000 2680 distribuit.
1035 2643 1159 2678 deinde
1179 2643 1246 2678 iuis
1269 2643 1402 2688 deletis,
1426 2643 1567 2689 reliquis

105 2690 264 2738 deceptis
286 2697 325 2727 et
345 2691 460 2728 omnia
481 2693 716 2736 credentibus,
740 2704 815 2727 cum
838 2690 1002 2725 Romanis
1022 2691 1171 2736 captivis
1195 2694 1232 2724 et
1254 2689 1455 2734 transfugis,
1479 2701 1567 2736 quos

107 2747 153 2771 ea
175 2737 220 2772 de
242 2749 348 2774 causa
369 2739 492 2774 multos
517 2744 701 2784 coegerat,
732 2739 854 2773 urbem
888 2737 1074 2783 occupavit.
1102 2736 1265 2783 patrique
1294 2735 1453 2772 tradidit.
1506 2737 1567 2771 sed

108 2782 141 2817 is
166 2794 208 2818 ea
229 2783 302 2819 filio
323 2788 489 2821 concessa
508 2797 584 2821 cum
607 2785 686 2821 aliis
707 2785 845 2831 populis
864 2783 988 2818 bellum
1011 2783 1131 2828 gessit.
