1820 3120
240 112 334 158 136
700 114 926 159 IOANNIS
960 115 1218 161 ZONARAE

232 225 399 268 τοπέδου
425 228 638 284 προελθεῖν
660 227 759 282 παρ’
788 226 883 271 ὅσον
905 223 954 284 ἦν
978 229 1019 271 ἐν
1042 228 1243 286 Μεσσήνῃ
1274 227 1296 272 ὅ
1321 227 1538 283 Κλαύδιος.
1607 231 1629 276 ὅ
1654 233 1699 276 δὲ

178 297 209 332 c
230 291 461 349 βιάσασθαι
493 294 566 350 τὴν
597 293 797 351 πρόσοδον
827 296 885 352 μὴ
908 301 1090 352 τολμῶν,
1126 297 1228 354 πρὸς
1250 298 1324 349 τὰς
1343 297 1609 357 Συρακούσας
1629 303 1698 345 καὶ

231 361 301 404 τὸν
318 359 480 419 Ἱέρωνα
503 361 722 420 ἐτράπετο,
758 365 944 422 φυλακὴν
967 367 1008 408 ἐν
1032 370 1082 422 τῇ
1107 363 1310 422 Μεσσήνῃ
1333 367 1579 412 καταλιπών.Ἰ
1628 371 1697 413 καὶ

231 430 482 486 προσέβαλλέ
502 448 544 474 τε
568 432 689 483 αὐτὸς
711 437 767 490 τῷ
791 432 902 476 ἄστει
925 433 1100 476 κάκεῖνοί
1121 450 1215 477 ποτε
1240 432 1455 491 ἐπεξῄεσαν
1472 448 1487 463 ·
1535 437 1603 481 καὶ
1624 435 1699 480 ’ὅτὲ

233 499 306 554 μὲν
337 498 553 556 ἐκράτουν,
593 498 658 544 ὅτε
693 502 735 542 δ’
772 502 1010 558 ἐκρατοῦντο
1035 500 1227 557 ἑκάτεροι.
1297 503 1368 545 καί
1385 519 1482 546 ποτε
1503 503 1546 547 ἐν.
1559 506 1730 564 χωρίῳό

234 571 362 626 στενῷ
393 567 414 610 ὃ
447 566 600 619 ὕπατος
630 567 800 625 γεγονὼς
830 568 936 612 ἑάλω
960 569 1032 619 ἄν,
1079 573 1112 612 εἲ
1133 570 1190 625 μὴ
1215 570 1292 628 πρὸ
1316 575 1388 613 τοῦ
1410 575 1700 629 περισχεθῆναι

233 634 388 692 ἔπεμψε
418 637 519 695 πρὸς
553 637 623 679 τὸν
651 635 835 693 Ἱέρωνα,
871 641 926 687 εἷς
948 635 1170 691 συμβάσεις
1193 636 1244 693 δή
1269 656 1380 689 τινας
1402 639 1526 683 αὐτὸν
1546 648 1699 698 προκα-

233 704 435 760 λούμενος.
503 703 608 748 οῧτω
630 705 708 762 γὰρ
733 703 925 756 ἐλθόντος
939 706 1046 756 τινὸς
1062 706 1164 762 πρὸς
1182 705 1227 749 ὃν
1245 705 1382 761 ἔμελλε
1399 705 1700 764 συμβήσεσθαι,

235 772 426 829 διελέγετό
447 790 488 816 τε
513 774 623 831 αὐτῷ
646 775 712 817 καὶ
735 771 910 831 ὗπαπῄει
922 806 934 826 ,
968 774 1109 830 μέχρις
1132 767 1181 816 οὗ
1203 775 1307 832 πρὸς
1328 775 1374 818 τὸ
1398 776 1580 834 ἀσφαλὲς
1601 776 1700 820 ἄπε-

229 840 402 899 χώρησε.
470 846 542 895 τῆς
574 843 619 884 δὲ
651 841 803 893 πόλεως
833 842 980 902 ῥαδίως
1005 840 1155 884 ἁλῶναι
1178 842 1235 898 μὴ
1260 844 1483 899 δυναμένης
1491 877 1506 897 ,
1540 846 1608 887 καὶ
1630 849 1755 900 τῆςῙο

231 910 492 966 προσεδρείας
523 908 678 966 ἀπόρου
711 910 780 952 διὰ
813 910 955 952 σπάνιν
991 909 1114 965 οὔσης
1147 912 1282 954 σιτίων
1305 914 1371 954 καὶ
1398 912 1465 954 διὰ
1487 910 1606 957 νόσον
1628 919 1701 969 τῆς

178 982 210 1016 D
235 982 447 1034 στρατιᾶς,
483 977 704 1033 ἀπανέστη·
740 981 805 1021 καὶ
839 978 878 1020 οἱ
909 975 1178 1035 Συρακούσιοι
1209 980 1363 1022 εἵποντο
1391 982 1462 1022 καὶ
1493 983 1534 1032 ἐς
1557 980 1701 1037 λόγους

231 1052 315 1096 τοῖς
349 1047 677 1100 σκεδαννϋμένοις
709 1045 834 1103 ᾔεσαν
841 1078 855 1098 ,
902 1048 969 1088 καὶ
1003 1047 1233 1089 ἐσπείσαντο
1258 1046 1332 1099 ἄν,
1363 1049 1396 1089 εἲ
1430 1049 1498 1090 καὶ
1519 1046 1701 1106 ἶνἹέρων

233 1117 437 1168 συμβῆναι
459 1113 671 1169 ἠθέλησεν.
718 1113 739 1157 ὃ
765 1116 809 1157 δὲ
831 1113 985 1165 ὕπατος
1008 1115 1193 1172 φρουρὰν
1215 1116 1258 1158 ἐν
1278 1119 1330 1173 τῇ
1347 1114 1549 1174 Μεσσήνῃ
1573 1134 1701 1161 κατα-
1750 1117 1760 1130 “

236 1181 362 1224 λιπὼν
386 1182 630 1225 ἀπέπλευσεν
653 1185 708 1233 εἷς
731 1183 776 1225 τὸ
794 1181 964 1238 Ῥήγιον.
1711 1192 1754 1227 15

373 1250 424 1293 Οἱ
441 1248 640 1304 εΡωμαῖοι
673 1251 738 1302 δέ,
774 1252 856 1293 ἐπεὶ
879 1251 929 1294 τὰ
956 1250 1190 1307 Τυρσηνικά
1216 1248 1471 1306 καθειστήκει
1493 1253 1562 1294 καὶ
1584 1251 1637 1294 τὰ
1659 1253 1708 1295 ἐν’

231 1323 281 1376 τῇ
309 1317 459 1378 Ἰταλία
490 1319 668 1375 ἀκριβῶς
694 1318 898 1375 εἷρήνουν,
933 1319 984 1361 τοὶ
1010 1319 1054 1360 δὲ
1075 1323 1156 1361 τῶν
1179 1319 1473 1375 Καρχηδονίων
1496 1321 1558 1362 ἐπὶ
1581 1320 1701 1362 πλέον

234 1387 459 1439 συνίστατο,
484 1386 610 1444 ἄμφω
633 1387 727 1437 τοὺς
747 1385 927 1437 ὑπάτους
949 1388 988 1437 ἐς
1010 1387 1083 1441 τὴν
1100 1388 1283 1429 Σικελίαν
1306 1389 1590 1444 ἐκστρατεῦσαι
1614 1389 1701 1431 ἐκέ-

232 1459 390 1499 λευσαν.
459 1455 750 1512 περαιωθέντες
782 1450 851 1497 οὗν
884 1455 906 1498 ὅ
930 1472 971 1497 τε
996 1453 1192 1508 Μάξιμος
1219 1454 1462 1512 Οὐαλλέριος
1491 1457 1559 1498 καὶ
1576 1456 1701 1500 Ὀτα-

235 1525 359 1574 κίλιος
381 1521 586 1581 Κράσσος,
613 1526 678 1566 καὶ
703 1522 769 1565 διὰ
793 1527 865 1575 τῆς
885 1522 1009 1578 νήσου
1033 1521 1136 1578 ὁμοῦ
1157 1541 1199 1566 τε
1222 1521 1482 1581 πορευόμενοι
1504 1526 1572 1567 καὶ
1595 1526 1758 1580 ὁιχῆ,Ξο

235 1592 409 1643 πολλοὺς
442 1589 636 1651 ὁμολογίᾳ
678 1590 992 1648 παρεστήσαντο.
1073 1590 1129 1642 ὥς
1164 1592 1208 1634 δὲ
1249 1591 1299 1634 τὰ
1336 1593 1458 1635 πλείω
1493 1592 1702 1652 ᾠκείωντο,

327 1732 349 1764 1
382 1734 419 1765 et
449 1731 471 1765 3
507 1729 661 1775 Μεσήνῃ
699 1731 789 1766 PW.
984 1732 1007 1765 2
1039 1728 1230 1776 πρόσοδον
1256 1729 1374 1775 ABG,
1411 1728 1578 1775 πρόοδον
1599 1715 1699 1768 ΔΡᾮὶΐ.

328 1776 353 1809 4
373 1772 599 1822 προσέβαλλέ
623 1777 666 1819 C,
688 1775 891 1822 προσέβαλε
914 1778 1004 1812 PW.
1162 1775 1182 1810 7
1206 1773 1505 1821 προκαλούμενος
1526 1777 1555 1811 Β
1570 1802 1581 1821 ,
1608 1788 1700 1822 προ-

327 1820 573 1865 σκαλούμενος
595 1821 682 1856 PW.
868 1823 909 1856 ll
933 1822 1150 1867 προσεδρίας
1171 1821 1215 1856 Α.
1388 1823 1434 1857 12
1455 1818 1635 1867 ἐπανέστη
1656 1825 1702 1858 C.

329 1868 375 1912 14
397 1865 549 1912 Μεσήνῃ
573 1868 661 1904 PW.
778 1867 823 1903 18
845 1863 956 1911 ἄμφω
979 1867 1044 1902 καὶ
1065 1864 1152 1909 τούς
1174 1867 1219 1902 C.
1324 1867 1369 1904 19
1390 1866 1575 1910 ὃτακίλιος
1594 1869 1701 1912 ABG,

330 1914 350 1946 ὁ
379 1912 597 1952 Οκτακίλιος
619 1913 710 1947 PW.
848 1914 894 1947 20
916 1909 1050 1959 κράσος
1071 1915 1145 1959 ΑΒ,
1168 1909 1309 1959 πράσου
1334 1914 1377 1948 C.
1530 1912 1594 1950 καὶ
1617 1914 1702 1960 διχῆ

329 1954 571 2002 πορευόμενοι
595 1957 663 1992 ΑΒ.

237 2079 403 2114 claudius
427 2080 613 2114 Messanae
646 2081 725 2116 fuit.
774 2081 835 2127 qui
859 2093 933 2116 cum
957 2083 1000 2116 ad
1026 2093 1084 2116 eos
1109 2082 1146 2117 vi
1168 2082 1360 2126 irrumpere
1382 2092 1452 2115 non
1476 2081 1629 2124 auderet,
1655 2083 1701 2116 ad

237 2126 431 2170 Syracusas
462 2130 498 2160 et
521 2127 706 2161 Hieronem
738 2127 913 2162 convertit
941 2127 1107 2171 animum,
1138 2128 1314 2174 praesidio
1347 2127 1532 2161 Messanae
1561 2127 1701 2165 relicto.

238 2176 275 2206 et
297 2176 337 2206 ut
358 2172 435 2216 ipse
459 2171 578 2206 urbem
603 2175 836 2218 oppugnabat,
861 2174 913 2207 sic
936 2173 1031 2207 cives
1055 2173 1236 2218 aliquando
1261 2174 1507 2216 erumpebant,
1534 2184 1624 2208 nunc
1648 2173 1701 2209 his

238 2228 328 2251 nunc
358 2217 424 2251 illis
456 2218 599 2251 favente
632 2219 793 2254 victoria.
841 2224 877 2258 et
907 2219 1024 2253 consul
1049 2219 1234 2264 aliquando
1265 2219 1301 2253 in
1331 2219 1512 2262 angustias
1540 2219 1703 2253 redactus

241 2266 363 2308 captus
387 2267 493 2307 esset,
519 2263 585 2297 nisi
609 2270 791 2309 antequam
814 2265 1123 2299 circumveniretur
1150 2266 1193 2299 ad
1219 2264 1406 2298 Hieronem
1429 2265 1473 2297 de
1496 2265 1594 2308 pacis
1618 2276 1701 2299 con-

239 2308 434 2342 dicionibus
458 2309 609 2353 legatum
632 2310 795 2347 misisset.
842 2323 918 2345 nam
944 2322 1018 2344 cum
1043 2311 1180 2355 quidam
1204 2310 1358 2344 venisset
1381 2321 1456 2344 cum
1471 2321 1540 2354 quo
1558 2310 1602 2344 de
1617 2322 1704 2357 pace

240 2358 429 2399 tractaret,
463 2355 555 2388 inter
576 2355 833 2400 colloquendum
859 2356 1022 2402 paulatim
1044 2357 1209 2399 recessit,
1242 2356 1350 2390 donec
1372 2355 1408 2389 in
1430 2359 1509 2389 tuta
1531 2356 1701 2400 pervenit.

241 2403 276 2434 et
308 2400 391 2444 quia
414 2401 495 2434 urbs
519 2401 624 2435 facile
647 2402 724 2446 capi
748 2414 816 2436 non
841 2408 996 2447 poterat,
1022 2407 1056 2435 et
1081 2402 1214 2435 obsidio
1241 2413 1315 2435 cum
1341 2402 1386 2435 ob
1409 2402 1588 2446 penuriam
1611 2413 1704 2436 com-

240 2451 372 2479 meatus
395 2449 467 2480 tum
488 2451 630 2492 propter
652 2447 739 2482 luem
763 2449 799 2482 in
822 2448 976 2483 exercitu
997 2452 1210 2491 grassantem
1232 2447 1429 2481 facultatem
1451 2458 1520 2480 non
1542 2447 1702 2491 habebat,

240 2491 398 2527 recessit.
447 2493 660 2536 Syracusani
692 2499 803 2528 autem
831 2497 1015 2539 sequentes
1039 2505 1113 2527 cum
1137 2492 1304 2538 dispersis
1327 2493 1630 2537 colloquebantur:
1660 2504 1702 2526 ac

265 2548 360 2570 acem
383 2537 570 2582 fecissent,
605 2538 636 2572 si
658 2539 760 2573 etiam
785 2540 916 2574 Hieron
939 2539 1133 2574 consentire
1156 2539 1337 2573 voluisset.
1385 2538 1504 2572 consul
1525 2538 1702 2583 praesidio

281 2593 426 2616 essanae
450 2583 572 2618 relicto
596 2585 765 2629 Rhegium
790 2586 943 2623 traiecit.

377 2628 523 2663 Romani
551 2630 715 2664 Etruriae
751 2633 855 2665 rebus
888 2629 1085 2676 compositis
1123 2634 1228 2674 atque
1265 2628 1369 2663 Italia
1412 2628 1516 2673 plane
1564 2632 1702 2672 pacata,

241 2673 577 2717 Carthaginiensium
593 2680 704 2710 autem
719 2677 855 2711 viribus
882 2676 1132 2719 crescentibus,
1158 2679 1342 2719 utrumque
1367 2673 1537 2709 consulem
1559 2674 1595 2707 in
1613 2673 1703 2708 Sici-

240 2718 317 2751 liam
350 2719 403 2752 ire
434 2721 617 2757 iusserunt.
665 2722 774 2766 igitur
798 2724 957 2757 Valerius
980 2721 1150 2757 Maximus
1182 2725 1215 2754 et
1241 2720 1408 2755 Otacilius
1431 2720 1598 2762 Crassus,
1631 2723 1703 2753 tam

242 2764 386 2799 seorsim
408 2776 511 2810 quam
534 2779 603 2803 una
624 2767 766 2803 insulam
793 2775 1026 2814 peragrantes,
1048 2767 1173 2801 multos
1195 2766 1231 2800 in
1253 2766 1458 2801 deditionem
1480 2770 1702 2811 acceperunt,
