1820 3120
269 99 370 146 396
749 83 979 139 IoANms
1002 93 1264 138 ZONARAE

264 212 291 268 ἦ
316 208 560 260 Νικόπολις,
607 206 684 251 κάκ
717 205 863 251 τούτου
898 206 1095 265 ἐφήδρευε
1128 211 1187 265 τῷ
1213 206 1356 267 Ἀκτίῳ
1387 208 1492 252 κατὰ
1512 212 1588 267 γῆν
1608 227 1652 254 τε
1674 212 1744 255 καὶ

265 279 497 323 θάλασσαν.
567 276 613 319 τὸ
647 277 690 319 δὲ
717 275 874 319 ’Άκτιον
908 277 946 319 οἱ
967 281 1043 319 τοῦ
1067 276 1277 319 Ἀντωνίου
1301 277 1650 374 προκατελάβοντο
1674 281 1743 322 καὶ

265 346 432 404 πύργοις
458 343 681 401 ὠχύρωσαν
707 344 970 401 ἑκατέρωθεν.

396 415 506 456 Ἐπεὶ
543 415 587 456 δὲ
622 414 695 468 τὴν
725 417 800 456 τοῦ
832 414 1045 469 Καισαρος
1081 410 1220 468 α’φιξιν
1255 408 1430 456 ἐπύθετο
1459 410 1488 456 5
1518 411 1740 468 Ἀντώνιος,

82 487 109 522 Ρ
135 489 150 522 l
175 489 243 524 525
266 483 445 538 ἠπείχθη
479 483 583 536 μετὰ
617 486 697 524 τῶν
727 483 818 538 περὶ
850 481 973 523 αὐτὸν
996 482 1051 530 εἷς
1074 480 1119 523 τὸ
1145 479 1324 524 Ἀκτιον·
1361 481 1434 525 οὐκ
1457 481 1586 533 εὐθὺς
1604 483 1775 538 ahma

263 553 331 594 καὶ
355 551 594 607 ἠγωνίσατο,
623 551 752 592 καίτοι
776 554 848 592 τοῦ
875 550 1083 606 Καίσαρος
1106 551 1225 592 παντὶ
1248 547 1386 607 τρόπῳ
1410 551 1466 601 εἷς
1487 549 1624 606 ἀγῶνα
1646 551 1743 611 τοῦ·

262 637 332 663 τον
355 618 586 675 ἐνάγοντος,
624 619 939 674 ἀκροβολισμοῖς
973 617 1016 660 δ’
1054 619 1118 660 ἐπὶ
1153 619 1312 668 πλείους
1342 616 1496 675 ἡμέρας
1526 618 1741 676 ἐχρήσατο,

262 688 378 744 μέχρι
405 686 649 743 συνήθροισε
673 687 724 729 τὰ
749 685 1046 743 στρατεύματα.
1091 684 1112 728 ὃ
1139 687 1182 728 δὲ
1205 688 1372 744 Καῖσαρ
1397 689 1452 737 εἷς
1474 687 1547 743 τὴν
1562 685 1743 731 Ἑλλάδα

262 756 337 810 τήν
360 774 401 799 τε
421 757 683 798 Μακεδονίαν
706 755 862 810 ἔπεμψε
886 753 1093 812 στρατιάν,
1125 754 1234 805 ὅπως
1256 755 1359 812 πρὸς
1381 756 1509 798 ἔκεῒνα
1529 757 1742 814 μετενέγκῃ

266 827 333 867 καὶ
358 824 506 867 ἄκοντα
530 825 599 866 τὸν
615 821 840 866 Ἀντώνιον.
902 826 968 866 καὶ
993 821 1012 865 5
1032 823 1252 879 Ἀγρίππας
1274 828 1347 879 τῆς
1368 841 1410 867 τε
1432 822 1651 876 Λευκάδος
1673 827 1740 868 καὶ
1752 832 1798 869 10

265 897 346 935 τῶν
379 894 420 935 ἒν
454 891 581 949 ταύτῃ
613 896 782 947 σκαφῶν
806 893 1016 948 αἰφνιδίως
1039 890 1280 943 ἐπιπλεύσας
1301 890 1518 949 ἐκράτησε,
1553 894 1621 936 καὶ
1643 892 1743 936 Πά-

265 979 367 1018 τρας
391 958 472 1003 εἷλε
496 963 562 1003 καὶ
589 961 662 1014 τὴν
686 959 894 1016 Κόρινθον
919 959 1214 1016 παρεστήσατο.
1266 963 1334 1003 καὶ
1356 959 1378 1003 5
1404 963 1542 1012 Τίτιος
1564 959 1586 1004 5
1611 960 1743 1020 Μάρ-

265 1046 336 1079 κος
362 1028 525 1086 Ταῦρός
548 1047 590 1071 τε
615 1028 635 1072 5
661 1030 872 1078 Στατίλιος
896 1028 940 1070 τὸ
966 1029 1126 1071 ἱππικὸν
1147 1033 1220 1071 τοῦ
1243 1029 1454 1072 Ἀντωνίου
1487 1027 1644 1086 ἀθρόον
1675 1031 1743 1073 ἔκ-

260 1095 484 1154 ὃραμόντες
506 1099 697 1152 συνέσχον
722 1100 788 1140 καὶ
815 1096 1076 1155 Φιλάδελφον
1097 1097 1270 1151 βασιλέα
1292 1100 1591 1155 Παφλαγονίας
1611 1115 1742 1156 προσ·
1784 1150 1786 1152 ,

208 1174 237 1208 Β
263 1164 522 1220 εποιήσαντο·
566 1169 632 1208 καὶ
673 1164 694 1208 5
733 1166 929 1220 Δομίτιος
965 1165 986 1208 5
1024 1168 1171 1216 Γναῖος
1205 1168 1272 1209 καὶ
1310 1166 1427 1210 ἄλλοι
1463 1171 1522 1225 τῷ
1559 1169 1738 1225 Καίσαρι
1751 1179 1795 1214 15

259 1232 588 1292 προσεχώρησαν.
644 1237 848 1291 φοβηθεὶς
871 1230 941 1276 οὖν
965 1232 985 1276 5
1004 1234 1215 1285 Ἀντώνιος
1236 1235 1294 1289 μὴ
1321 1234 1409 1278 ὅσοι
1431 1237 1473 1286 ἐς
1494 1235 1568 1290 τὴν
1590 1238 1741 1280 Μακε-

260 1304 397 1345 δονίαν
432 1306 498 1344 καὶ
534 1303 609 1358 τὴν
649 1302 817 1362 Θρᾴκην
854 1303 1126 1360 ἐπέμφθησαν
1162 1303 1264 1361 παρ’
1304 1304 1432 1347 αὐτοῦ
1465 1307 1523 1363 τῷ
1560 1305 1739 1362 Καίσαρι

257 1370 544 1428 πρόσθωνται,
581 1370 743 1427 ὥρμησε
768 1371 870 1426 πρὸς
895 1370 1055 1421 αὐτούς.
1427 1416 1433 1420 ,

396 1440 488 1481 Κάν
511 1438 641 1497 τούτῳ
665 1441 871 1493 ναυμαχιά
895 1458 955 1489 τις
978 1439 1172 1494 συνέστη,
1203 1441 1268 1481 καὶ
1292 1439 1405 1495 παρὰ
1427 1439 1501 1494 μὲν
1523 1443 1575 1497 τῇ
1594 1437 1739 1496 πρώτῃ

257 1512 469 1565 προσβολῇ
492 1508 713 1564 ἐτρέψαντο
739 1508 775 1550 οἱ
800 1512 872 1549 τοῦ
890 1508 1102 1550 Ἀντωνίου
1127 1507 1222 1558 τοὺς
1244 1513 1316 1550 τοῦ
1341 1509 1552 1565 Καίσαρος
1577 1508 1736 1564 ὀλίγους
1747 1521 1795 1556 20

259 1575 398 1628 ὄντας,
433 1580 506 1618 τοῦ
531 1578 574 1618 δὲ
602 1576 847 1632 Ἀγρίππου,
881 1571 916 1634 ᾧ
939 1581 1019 1618 πᾶν
1044 1577 1172 1619 ἇνεῖτο
1197 1576 1242 1619 τὸ
1269 1580 1342 1618 τοῦ
1366 1578 1578 1633 Καίσαρος
1600 1594 1739 1620 ναυτι-

259 1643 342 1696 κόν,
379 1645 483 1687 κατὰ
506 1642 632 1700 τύχην
656 1642 998 1699 ἐπιδημήσαντος,
1024 1647 1072 1688 οὗ
1094 1643 1219 1699 μόνον
1243 1645 1358 1688 οὐδὲν
1381 1649 1452 1700 τῆς
1473 1646 1583 1701 νίκης
1605 1646 1644 1687 οἳ
1666 1649 1741 1688 τοῦ

352 1773 376 1807 4
399 1773 469 1807 τοῦ
491 1785 543 1808 om
569 1774 608 1811 A.
749 1774 771 1810 7
797 1776 879 1808 ante
905 1770 1190 1830 ἀκροβολισμοῖς
1212 1772 1243 1808 Α
1267 1773 1335 1809 add
1357 1770 1435 1817 noel.
1551 1755 1606 1809 '12
1631 1776 1741 1815 Τῖτος

353 1821 442 1863 PW,
468 1831 558 1864 quae
582 1831 689 1865 supra
719 1820 855 1860 Τίτιος.
959 1816 979 1854 ὁ
1004 1821 1150 1854 alterum
1174 1831 1228 1855 om
1252 1819 1296 1855 A.
1399 1819 1445 1855 13
1467 1820 1673 1865 στρατίλιος
1695 1823 1739 1859 Β.

350 1866 397 1900 20
420 1867 488 1900 τοῦ
509 1866 654 1900 alterum
679 1866 746 1900 add
770 1866 812 1901 A.

258 1991 335 2014 eum
365 1981 554 2034 occupavit
583 1981 696 2015 locum
727 1979 765 2014 in
795 1991 864 2025 quo
896 1991 987 2014 nunc
1018 1982 1073 2014 est
1092 1979 1299 2025 Nicopolis,
1330 1978 1452 2025 ibique
1483 1979 1577 2014 circa
1601 1979 1738 2015 Actium

256 2032 354 2059 terra
378 2026 533 2070 marique
558 2027 729 2060 stationes
756 2026 891 2061 habuit.
938 2037 1015 2060 narn
1037 2027 1150 2072 ipsum
1167 2026 1304 2060 Actium
1327 2027 1519 2060 Antoniani
1541 2037 1736 2073 praeoccu-

256 2076 375 2117 patum
398 2073 552 2105 turribus
578 2073 741 2116 utrinque
765 2072 970 2108 munierant.

394 2118 568 2152 Antonius
593 2119 746 2151 adventu
771 2118 937 2152 Caesaris
973 2117 1114 2162 cognito
1149 2128 1224 2151 cum
1248 2116 1322 2152 suis
1345 2117 1484 2152 Actium
1509 2118 1737 2164 properavit.

255 2162 318 2197 sed
342 2175 410 2197 non
434 2164 550 2197 statim
577 2164 766 2208 pugnavit,
800 2164 957 2208 quamvis
983 2175 1002 2197 a
1026 2164 1182 2196 Caesare
1214 2163 1323 2196 modis
1358 2163 1516 2198 omnibus
1549 2164 1738 2199 lacessere-

255 2214 332 2242 tur:
361 2209 596 2243 tumultuariis
622 2216 736 2243 tamen
761 2210 889 2255 pugnis
913 2221 976 2255 per
1002 2209 1078 2242 dies
1104 2208 1295 2253 complures
1319 2209 1494 2251 certavit,
1518 2210 1629 2244 donec
1652 2221 1736 2244 cou-

255 2255 416 2288 duxisset
439 2267 520 2289 suos
546 2257 732 2291 exercitus.
783 2262 819 2289 at
853 2257 985 2289 Caesar
1016 2255 1051 2288 in
1078 2255 1263 2289 Graeciam
1296 2259 1333 2289 et
1366 2255 1606 2289 Macedoniam
1642 2256 1737 2290 misit

254 2301 393 2344 copias,
427 2306 467 2335 ut
491 2302 679 2335 Antonium
704 2302 760 2335 vel
784 2302 932 2335 invitum
957 2301 1038 2334 illuc
1062 2301 1296 2344 pertraheret.
1343 2301 1503 2346 Agrippa
1536 2302 1654 2336 subito
1678 2313 1733 2335 ac-

255 2357 355 2380 cessu
391 2347 552 2380 Leucade
587 2352 624 2381 et
661 2348 808 2381 navibus
843 2347 933 2380 illius
966 2347 1033 2380 loci
1071 2347 1204 2390 potitus
1241 2350 1313 2388 est,
1349 2347 1476 2380 Patras
1510 2348 1626 2393 cepit,
1663 2348 1737 2381 Co-

254 2392 406 2426 rinthum
445 2392 488 2426 ad
531 2393 739 2427 deditionem
776 2393 954 2438 compulit.
1004 2393 1144 2426 Marcus
1173 2392 1292 2426 Titius
1331 2396 1367 2426 et
1401 2392 1562 2426 Statilius
1593 2393 1735 2428 Taurus

254 2438 444 2481 equitatum
469 2439 611 2472 Antonii
635 2440 752 2473 subita
778 2439 983 2473 excursione
1007 2442 1187 2483 ceperunt,
1213 2442 1250 2471 et
1266 2438 1523 2482 Philadelphum
1541 2439 1736 2485 Paphlago-

254 2484 334 2516 niae
365 2496 483 2528 regem
514 2485 551 2518 in
586 2497 666 2518 suas
700 2491 819 2530 partes
854 2484 1099 2520 traduxerunt.
1147 2485 1213 2518 Cn.
1239 2483 1323 2518 item
1349 2484 1522 2518 Domitius
1546 2490 1583 2518 e’t
1606 2485 1665 2518 alii
1689 2486 1735 2520 ad

255 2530 444 2564 Caesarem
478 2542 516 2563 se
552 2532 786 2565 contulerunt.
835 2531 969 2565 veritus
993 2531 1103 2574 igitur
1125 2529 1300 2564 Antonius
1326 2541 1369 2562 ne
1392 2530 1418 2563 ii
1440 2541 1527 2574 quos
1551 2530 1588 2564 in
1613 2530 1736 2564 Mace-

254 2575 390 2608 doniam
416 2581 452 2609 et
475 2577 663 2610 Thraciam
689 2577 840 2610 misisset
862 2578 954 2611 idem
980 2576 1154 2618 facerent,
1179 2576 1221 2609 ad
1248 2587 1307 2609 eos
1332 2576 1545 2620 properavit.

389 2622 530 2655 Interea
555 2623 738 2656 conflictus
764 2624 903 2666 quidam
926 2622 1013 2655 mari
1044 2623 1160 2655 sactus
1191 2626 1265 2662 est3
1300 2626 1336 2654 et
1370 2621 1595 2664 Caesariani,
1628 2621 1732 2666 pauci

252 2677 406 2708 numero,
432 2669 476 2701 ab
493 2668 700 2702 Antonianis
724 2669 895 2713 principio
921 2667 1030 2713 pulsi3
1053 2667 1116 2701 sed
1141 2647 1290 2701 fortuilo
1307 2667 1486 2712 Agrippae
1501 2672 1732 2712 superventu,

252 2711 313 2755 qui
338 2694 406 2745 toti'
428 2713 664 2748 Caesarianae
690 2715 794 2748 classi
816 2718 1000 2759 praeerat,
1024 2715 1152 2747 factum
1177 2718 1230 2746 est
1253 2718 1291 2747 ut
1313 2713 1365 2747 illi
1387 2725 1456 2749 non
1481 2714 1580 2748 modo
1605 2713 1731 2747 nullum

250 2757 424 2792 victoriae
445 2759 596 2794 fructum
617 2765 785 2805 caperent
808 2760 870 2794 sed
895 2761 999 2794 etiam
1023 2759 1221 2793 interirent.
1269 2770 1338 2805 qua
1364 2759 1408 2793 de
1426 2770 1542 2794 causa
1564 2769 1731 2794 reversus
