1820 3120
272 102 371 150 572
743 101 921 146 ῙΟΑΝΝ
923 102 976 146 IS
998 103 1273 147 ZONARAE

399 213 562 257 ‘'H'rtwv
585 212 627 257 δ’
654 208 758 258 οὖσα
777 212 1001 271 χρημάτων
1029 214 1056 270 ἦ
1081 214 1349 273 Ἀλεξάνδρου
1371 215 1746 277 μήτηρέχρηματί-

271 286 357 336 ζετο
381 281 596 325 πάντοθεν.
629 282 798 338 ἠγάγετο
824 284 869 326 δὲ
891 286 958 326 καὶ
981 288 1040 341 τῷ
1061 284 1138 342 υἱῷ
1159 283 1349 340 γαμετήν,
1371 285 1492 341 ἦνοῦ
1510 286 1746 346 συνεχώρη-

218 362 251 397 D
275 369 342 395 σεν
378 351 664 407 ἀναρρηθῆναι
696 349 957 407 Αὖγοῦσταν,
1002 352 1108 394 ἀλλὰ
1143 355 1212 394 καὶ
1240 352 1343 407 μετά
1373 371 1463 397 τινα
1490 355 1640 414 χρόωὲον
1672 361 1747 400 τοῦ

270 420 363 463 υἱοῦ
397 419 523 474 αὐτὴν
556 418 831 463 ἀποσπάσασα
864 422 919 470 εἰς
939 419 1111 476 Λιβύην
1134 420 1342 476 ἀπήλασε,
1377 424 1507 470 καίτοι
1529 425 1747 483 στεργομέ-

270 506 342 543 νην
364 488 466 542 παρ’
492 488 654 531 ἐκείνου.
723 487 744 531 ὃ
770 489 813 531 δὲ
837 488 1031 531 ἀντειπεῖν
1054 493 1105 547 τῇ
1126 492 1249 548 μητρὶ
1275 490 1348 533 οὐκ
1369 490 1741 552 ἧδύνατοῑααταρ-
1757 499 1781 533 5

266 555 398 614 χούσῃ
424 557 563 599 αὐτοῦ’.
1450 601 1452 603 .
1594 583 1601 594 ·
1642 567 1644 570 ’
1736 587 1739 593 =

401 624 666 681 Ἀρταξέρξης
695 623 831 678 μέντοι
865 622 1099 681 ὅΠέρσης,
1141 624 1187 676 ὃς
1218 627 1260 676 ἐξ
1291 626 1476 684 ἀφανῶν·
1490 628 1559 670 καὶ
1587 625 1748 678 ἀδόξων

268 687 334 748 ἦν,
369 693 443 747 τὴν
466 698 546 737 τῶν
570 692 761 750 Πάρθων
790 694 1000 746 βασιλείαν
1022 694 1208 750 Πέρσαις
1237 694 1543 750 περιεποιήσατο
1573 697 1640 739 καὶ
1672 696 1748 739 αὖ-

269 765 351 804 τῶν
374 763 642 815 ἐβασίλευσεν.
712 762 790 818 ἀφ’
827 755 875 804 οὗ
908 761 1061 816 λέγεται
1093 764 1160 804 καὶ
1194 762 1239 805 τὸ
1265 762 1458 820 Χοσρόου
1494 762 1748 820 κατάγεσθαι

269 830 394 885 γένος.
461 831 566 884 μετὰ
599 830 678 887 γὰρ
709 829 783 884 τὴν
809 829 1072 886 Ἀλεξάνδρου
1106 834 1179 873 τοῦ
1214 831 1456 883 Μακεδόνος
1488 833 1674 888 τελευτὴν
1708 833 1746 875 οἳ
1757 840 1777 875 1

268 899 419 940 ἐκείνου
463 897 647 952 διάδοχοι
683 897 922 948 Μακεδόνες
958 900 1021 940 ἐπὶ
1057 902 1242 942 πλεῖστον
1276 901 1350 953 μὲν
1383 903 1641 957 Περσῶν,·τε
1680 903 1747 944 καὶ

269 968 531 1023 Παρθυαίων
561 959 692 1021 ἦρχον
720 969 786 1009 καὶ
820 972 900 1009 τῶν
934 966 1069 1009 ἄλλων
1103 969 1247 1019 ε’θνῶν,
1283 969 1376 1012 κατ’
1410 968 1596 1024 ἀλλήλων
1620 970 1677 1013 δέ
1704 986 1747 1025 γε

50 1047 99 1082 W
120 1046 157 1082 ΙΙ
180 1047 249 1082 225
268 1033 528 1091 χωρήσαντες
553 1034 752 1089 ἀλλήλους
775 1036 1009 1078 κατέλυσαν.
1063 1036 1219 1078 ἐκείνων
1245 1037 1286 1079 δ’
1314 1036 1443 1088 οὕτως
1463 1036 1748 1094 ἦσθενηκότων

269 1109 430 1160 πρῶτος
446 1104 688 1160 Ἀρσακίδης
711 1107 961 1160 Παρθυαῖος
990 1108 1041 1160 τῇ
1071 1106 1113 1154 ἒξ
1145 1105 1279 1148 αὐτῶν
1307 1106 1535 1166 ἀποστασία
1556 1107 1747 1162 ἐπικεχεί-

271 1189 386 1229 ρηκε,
422 1175 487 1215 καὶ
510 1174 772 1229 Παρθυαίων
795 1171 1011 1228 ἐκράτησε,
1047 1174 1113 1214 καὶ
1138 1181 1221 1223 τοῖς
1243 1173 1390 1217 ἑαυτοῦ
1412 1173 1625 1231 ἀπογόνοις
1645 1192 1744 1217 κατ-
1756 1182 1801 1216 15

87 1243 117 1277 P
139 1242 159 1277 1
181 1243 251 1280 619
275 1241 382 1284 ε’λιπε
406 1241 478 1295 τὴν
502 1240 651 1297 ἀρχήν·
689 1236 744 1283 ὧν
766 1245 992 1292 τελευταῖος
1015 1241 1170 1297 γε’γονεν
1194 1240 1215 1284 ὅ
1235 1242 1497 1300 Ἀρτάβανος.
1563 1243 1634 1286 τὸν
1657 1245 1701 1286 δὲ
1724 1242 1746 1285 ὃ

267 1308 410 1367 ῥηθεὶς
426 1310 690 1366 Ἀρταξέρξης
712 1309 864 1363 μάχαις
887 1308 1052 1364 νικήσας
1075 1312 1181 1366 τρισὶ
1206 1313 1401 1365 συνέλαβε
1424 1314 1489 1354 καὶ
1509 1312 1746 1355 ἀπέκτεινεν.

269 1377 353 1420 εἶτα
389 1381 455 1420 καὶ
491 1380 554 1420 ἐπὶ
591 1379 663 1433 τὴν
694 1379 904 1434 Ἀρμενίαν
941 1377 1090 1428 ἐλάσας
1125 1377 1284 1434 ἡττήθη
1319 1385 1400 1423 τῶν
1429 1381 1645 1436 Ἀρμενίων
1678 1383 1745 1423 καὶ

266 1444 434 1499 Μήδων
467 1446 568 1500 μετὰ
602 1451 682 1489 τῶν
713 1448 869 1488 παίδων
899 1451 970 1488 τοῦ
998 1446 1250 1502 Ἀρταβάνου
1282 1447 1597 1504 προσβαλόντων
1620 1449 1743 1506 αὐτῷ.

268 1512 290 1556 ὅ
324 1515 369 1556 δὲ
403 1510 526 1565 αὖθις
559 1514 885 1569 ἀνακτησάμενος
917 1514 1060 1557 ἑαυτὸν
1095 1515 1199 1569 μετὰ
1235 1517 1445 1570 δυνάμεως
1479 1518 1670 1573 μείζονος,
1692 1522 1800 1574 τῇΞθ

267 1585 571 1642 Μεσοποταμίᾳ
595 1585 662 1624 καὶ
686 1588 735 1639 τῇ
759 1584 889 1641 Συρίᾳ
913 1581 1131 1639 ἐφήδρευε,
1167 1586 1232 1626 καὶ
1256 1585 1406 1639 ἠπείλει
1431 1585 1743 1640 ἀνακτήσασθαι

267 1650 400 1694 πάντα
423 1650 478 1702 ὥς
500 1652 683 1708 Πέρσαις
706 1653 747 1694 ἐκ
772 1650 978 1708 προγόνων
1000 1651 1270 1710 προσήκοντα.
1339 1652 1424 1696 εἶτα
1450 1655 1744 1697 Καππαδοκίαν

356 1815 379 1851 9
402 1810 672 1859 καταλέγεσθαι
694 1814 734 1847 Β.
901 1815 944 1850 11
970 1812 1189 1855 Μακεδόνες
1215 1827 1269 1850 om
1293 1815 1336 1850 A.
1488 1795 1675 1851 ’πλείστων
1697 1816 1742 1853 Α,

356 1872 477 1953 ἒὲἴγῗὲ
496 1862 542 1941 ἓ.
671 1862 717 1895 14
735 1857 910 1905 Ἀρσάκης
931 1861 1154 1895 Herodianus
1178 1861 1312 1896 Histor.
1337 1861 1360 1896 6
1382 1862 1417 1898 2.
1558 1861 1602 1897 16
1626 1859 1740 1907 ἀρτα-

403 2053 589 2089 Caeterum
612 2054 801 2089 Alexandri
825 2058 954 2099 mater,
979 2066 1083 2090 avara
1110 2055 1430 2101 muliersnndique
1454 2054 1636 2100 pecuniam
1660 2067 1739 2090 coe-

263 2099 329 2144 git.
377 2110 517 2134 uxorem
541 2101 611 2134 filio
637 2101 834 2146 despondit,
859 2113 961 2146 quam
986 2113 1049 2135 nec
1074 2102 1264 2147 Augustam
1288 2101 1459 2147 appellari
1480 2112 1584 2147 passa
1610 2105 1681 2145 est,
1705 2107 1741 2136 et

265 2145 441 2190 aliquanto
466 2151 547 2191 post
571 2148 613 2180 ab
639 2159 679 2180 eo
703 2147 856 2181 avulsam
881 2148 916 2181 in
942 2148 1093 2182 Africam
1118 2148 1309 2193 relegavit:
1335 2158 1436 2192 quam
1459 2147 1524 2181 etsi
1543 2147 1740 2182 Alexander

263 2190 447 2236 diligebat,
470 2198 586 2226 tamen
609 2192 723 2237 matri,
749 2194 784 2226 in
808 2193 908 2227 cuius
931 2198 1107 2238 potestate
1132 2200 1219 2238 erat,
1244 2193 1414 2238 refragari
1438 2204 1506 2226 non
1531 2193 1693 2227 audebat.

401 2260 544 2294 Interim
567 2262 784 2305 Artaxerxes
808 2261 927 2303 Persa,
953 2262 1053 2295 homo
1078 2263 1225 2296 obscuro
1249 2266 1287 2296 et
1305 2261 1604 2305 inglorio-genere
1628 2267 1739 2303 ortus,

260 2303 468 2340 Parthorum
491 2317 633 2351 regnum
658 2307 701 2341 ad
725 2307 851 2340 Persas
875 2307 1080 2341 translatum
1105 2308 1173 2342 sibi
1198 2307 1410 2342 vindicavit:
1437 2317 1457 2340 a
1473 2318 1542 2350 quo
1556 2306 1739 2342 Chosroae

261 2361 371 2393 genus
396 2353 520 2386 deduci
546 2354 673 2386 fertur.
722 2364 798 2386 nam
822 2359 903 2397 post
925 2353 1113 2387 Alexandri
1138 2353 1338 2388 Macedonis
1360 2351 1492 2386 obitum
1518 2363 1738 2386 successores

260 2395 352 2432 illius
378 2398 588 2432 Macedones
612 2398 810 2441 longissimo
835 2404 991 2441 tempore
1017 2400 1134 2433 Persis
1170 2405 1206 2433 et
1229 2398 1367 2434 Parthis
1401 2398 1636 2442 imperarunt,
1675 2399 1736 2431 sed

261 2443 399 2476 tandem
435 2444 611 2478 intestinis
646 2445 745 2478 bellis
782 2444 842 2477 alii
876 2445 960 2478 alios
995 2450 1210 2481 everterunt.
1257 2456 1402 2488 quorum
1442 2445 1566 2478 fractis
1602 2444 1737 2478 viribus

261 2489 393 2533 primus
416 2490 602 2523 Arsacides
638 2491 788 2524 Parthus
825 2491 868 2523 ab
902 2490 954 2524 eis
987 2490 1136 2524 deficere
1167 2495 1204 2525 et
1235 2490 1375 2524 Parthis
1408 2489 1576 2524 dominari
1609 2489 1738 2534 coepit,

260 2545 371 2579 regno
410 2535 447 2569 in
488 2547 710 2570 successores
752 2540 967 2579 prorogato:
1012 2548 1158 2580 quorum
1189 2543 1387 2581 postremus
1422 2535 1489 2569 fnit
1522 2536 1735 2571 Artabanus.

260 2591 362 2624 quern
386 2581 441 2614 hic
465 2582 679 2615 Artaxerxes
706 2582 818 2615 tribus
841 2582 981 2626 praeliis
1008 2583 1136 2616 victum
1171 2588 1208 2615 et
1239 2581 1520 2626 comprehensum
1545 2581 1736 2616 interfecit.

259 2626 385 2660 deinde
411 2627 500 2661 bello
525 2627 707 2661 Armeniae
731 2627 846 2671 illato,
872 2629 915 2661 ab
942 2628 1110 2661 Armeniis
1133 2631 1172 2661 et
1194 2627 1307 2661 Medis
1332 2633 1437 2672 atque
1461 2626 1628 2660 Artabani
1652 2626 1735 2659 filiis

259 2677 454 2715 superatus,
481 2677 517 2707 et
540 2673 713 2717 reparatis
736 2673 874 2707 viribus
899 2673 1171 2717 Mesopotamiae
1195 2673 1392 2717 Syriaeque
1416 2671 1636 2716 occupandae
1660 2682 1736 2704 cum

258 2717 449 2752 maioribus
474 2719 587 2763 copiis
612 2719 779 2761 intentus,
805 2719 920 2752 omnia
943 2730 994 2761 se,
1019 2725 1058 2753 ut
1081 2729 1169 2762 quae
1193 2719 1388 2763 antiquitus
1413 2718 1454 2752 ad
1480 2729 1624 2762 regnum
1649 2718 1736 2751 Per-

257 2763 369 2798 sicum
394 2765 632 2809 pertinerent,
665 2769 948 2810 recuperaturum
981 2776 1058 2798 esse
1092 2764 1298 2800 minabatur.
1347 2764 1409 2799 sed
1433 2762 1659 2810 Cappadocia
1681 2762 1735 2796 in-

1677 2915 1686 2932 Ι
