1820 3120
245 124 347 170 604
701 121 931 165 IOANNIS
954 121 1227 166 'ZONARAE

126 239 129 242 ⁴
190 244 220 279 B
248 240 423 293 Καῖσαρ.
494 237 559 277 καὶ
596 233 616 277 ὅ
642 234 849 292 Λῦριόλος
877 235 927 278 τὰ
952 234 1066 279 ὅπλα
1089 236 1366 290 καταθέμενος
1389 237 1498 297 αὗτῷ
1519 235 1720 295 ὑπετάγη·

241 307 288 358 ὃς
305 301 430 355 αὖθις
447 308 694 360 τυραννῆσαι
714 305 935 360 ἐπιχειρῶν,
956 302 1034 347 ὑπὸ
1055 309 1312 361 στρατιωτῶν
1330 305 1551 364 διεφθάρη.
1578 306 1721 350 Κλαύ-

245 378 333 425 διος
366 374 410 415 δὲ
438 372 618 429 χρηστὸς
647 371 856 428 τυγχάνων
879 372 980 429 ἀνὴρ
1003 375 1070 415 καὶ
1094 372 1328 430 δικαιοσύνῃ
1352 379 1537 431 στοιχῶν,
1561 374 1721 431 ῗᾶπηγό-

246 459 360 501 ρευσε
395 446 496 484 πᾶσι
528 443 655 495 ζητεῖν
688 443 731 483 ἐκ
761 442 960 494 βασιλέως
992 440 1187 498 ἀλλότρια
1211 441 1444 500 πράγματα.
1506 441 1720 498 ’νενόμιστο

243 512 320 568 γὰρ
353 510 448 559 τοὺς
478 514 659 563 βασιλεῖς
693 507 898 552 δύνασθαι
932 512 1158 567 δωρεῖσθαι
1189 513 1255 552 καὶ
1287 511 1338 554 τὰ
1372 509 1588 569 ἀλλότρια·
1610 510 1754 555 ’ὅθενό

244 581 311 622 καὶ
346 579 384 621 οἳ
417 578 474 621 ἔτι
506 580 676 632 κείμενοι
708 577 826 632 νόμοι
861 578 972 635 παρὰ
996 583 1047 635 τῇ
1069 581 1247 638 πολιτείᾳ
1270 578 1462 634 ἐσχήκασι
1484 579 1558 635 τὴν
1579 578 1722 637 ἀρχήν.

244 652 480 705 προσῆλθεν
514 642 584 689 οὖν
617 645 716 702 γυνή
750 664 830 698 τις,
884 641 933 701 ῆς
964 648 1115 703 χωρίον
1147 648 1270 698 αὐτὸς
1299 648 1377 704 πρὸ
1411 653 1483 704 τῆς
1514 650 1724 702 βὰσιλείας

246 715 400 773 εῗλήφει
439 717 481 757 ἐκ
516 719 730 769 βασιλικῆς
767 717 940 771 δωρεᾶς,
989 716 1162 771 λέγουσα
1190 714 1431 767 “Κλαύδιος
1465 714 1487 759 ὅ
1509 719 1724 775 ,ἵππαρχος

42 796 223 834 W11239
246 785 414 841 ἠδίκησέ
445 784 539 838 ,ue-'²
614 782 635 826 ὃ
674 785 720 826 δέ
753 782 881 840 “ὅπερ
919 782 939 826 ὃ
976 783 1185 835 Κλαύδιος
1216 783 1379 840 ἰδιώτης
1411 784 1468 828 ὢν
1499 786 1735 844 ἀφείλετο”-

246 853 350 898 εἶπεν
377 851 528 907 “ῆνι’κα
561 851 620 906 μή
655 870 692 895 τι
727 852 838 911 αὐτῷ
869 857 947 894 τῶν
981 851 1115 907 νόμων
1147 853 1283 908 ἒζιιελε,
1329 858 1448 897 τοῦτο
1477 853 1780 908 βασιλεύσαςΙθ

246 921 614 976 ἀποκαθίστησιν.”
1502 947 1507 953 -
1617 971 1619 974 .

196 1003 226 1036 c
381 991 449 1031 Ἐν
478 988 613 1046 Ῥώμῃ
650 989 696 1031 δέ
727 1006 769 1044 γε
806 987 832 1044 ῆ
865 988 1086 1044 σύγκλητος
1107 993 1306 1044 μαθοῦσα
1330 989 1404 1043 τὴν
1426 994 1500 1032 τοῦ
1520 991 1563 1031 Γ
1557 988 1724 1046 αλιῆνου

247 1060 463 1116 ἀναίρεσιν,
498 1059 567 1100 τὸν
603 1058 781 1114 ἀδελφὸν
814 1058 962 1099 ἐκείνου
1000 1061 1066 1100 καὶ
1102 1059 1172 1101 τὸν
1193 1059 1281 1101 υἱὸν
1304 1057 1611 1102 ἐθανάτωσαν..
1652 1063 1725 1102 τοῦ

245 1129 381 1183 μέντοι
419 1125 669 1182 Ποστούμου
710 1131 1001 1183 τυραννοῦντος
1040 1127 1119 1179 ἔτι,
1174 1129 1240 1169 καὶ
1279 1126 1518 1184 βαρβάρων
1546 1127 1615 1170 διὰ
1654 1132 1726 1182 τῆς

246 1195 490 1247 Μαιώτιδος
514 1195 742 1249 διαβάντων
765 1197 906 1250 λίμνης
929 1197 984 1245 εἷς
1009 1195 1144 1238 Ἀσίαν
1167 1213 1208 1238 τε
1232 1198 1298 1238 καὶ
1322 1195 1525 1253 Εὐρώπην
1545 1198 1612 1239 καὶ
1635 1200 1723 1252 ληῖ-
1735 1205 1780 1238 15

248 1266 421 1319 ζομὲνων
446 1264 571 1315 αὐτάς
580 1297 591 1315 ,
614 1268 768 1319 βουλῆς
790 1281 830 1306 τε
857 1266 1122 1320 προτεθείσης
1145 1266 1219 1307 τίνι
1242 1263 1436 1322 πρότερον
1459 1265 1726 1322 ἐπιχειρητέον

248 1336 433 1392 πολέμῳ,
470 1333 490 1375 ὃ
519 1326 826 1389 Κλαύδιοςῖφη
852 1331 906 1382 ὡς
928 1331 980 1375 “ὃ
1005 1334 1107 1390 πρὸς
1130 1334 1200 1376 τὸν
1222 1332 1614 1390 τύραννονπόλεμος
1635 1335 1725 1388 ἐμοὶ

251 1404 457 1459 διαφέρει,
492 1400 513 1444 ὃ
539 1403 583 1444 δὲ
607 1403 708 1457 πρὸς
732 1401 825 1451 τοὺς
846 1400 1088 1458 βαρβάρους
1111 1407 1160 1459 τῇ
1184 1403 1384 1462 πολιτείᾳ,
1421 1404 1486 1444 καὶ
1514 1402 1597 1460 χρὴ
1623 1419 1725 1460 προ·-

248 1476 475 1526 τιμηθῆναι
497 1470 566 1513 τὸν
593 1475 664 1524 τῆς
688 1470 933 1519 πολιτειάς.”
1603 1485 1606 1489 ·

391 1541 442 1582 Οἳ
464 1538 671 1596 βάρβαροι
697 1539 739 1580 δὲ
762 1538 914 1587 πολλὰς
935 1538 1009 1592 μὲν
1033 1538 1287 1593 κατέδραμον
1304 1537 1466 1594 χώρας,
1499 1538 1575 1593 τὴν
1606 1538 1652 1580 δέ
1680 1549 1781 1594 γε20

251 1609 551 1661 Θεσσαλονίκην
569 1605 850 1663 ἐπολιόρκουν·
875 1607 900 1660 ἢ
925 1605 1049 1648 πάλαι
1074 1607 1148 1661 μὲν
1167 1607 1357 1661 Ἠμαθία
1381 1610 1596 1649 καλεῖσθαι
1619 1607 1725 1663 λέγε-

248 1694 336 1728 ται,
365 1677 640 1730 Θεσσαλονίκη
667 1676 710 1717 δὲ
732 1679 1090 1729 μετονομασθῆναι
1114 1676 1156 1716 ἐκ
1179 1681 1250 1729 τῆς
1270 1677 1472 1717 Φιλίππου
1496 1676 1727 1731 μέν’θυγα-

197 1758 228 1792 D
253 1746 349 1803 τρὸς
381 1744 630 1801 Κασάνδρου
666 1744 710 1786 δὲ
741 1743 934 1799 γυναικὸς
963 1744 1273 1799 Θεσσαλονίκης.
1341 1744 1436 1786 ἀλλ’
1475 1745 1623 1799 ἐκείνης
1653 1744 1727 1798 μέν

340 1864 363 1897 2
387 1862 619 1906 στρατιωτῶν
643 1862 735 1896 ABG
751 1889 760 1907 ,
793 1862 866 1897 τῶν
889 1863 1121 1906 στρατιωτῶν
1145 1863 1235 1899 PW.
1420 1861 1444 1896 4
1467 1852 1656 1907 νενόμιστο
1680 1863 1722 1905 Α,

341 1907 553 1953 νενόμισται
575 1909 664 1942 PW.
788 1908 832 1943 16
856 1909 1122 1953 προστεθείσης
1144 1909 1188 1943 Β.
1297 1908 1343 1945 18
1365 1904 1432 1944 τὸν
1453 1908 1520 1953 τῆς
1541 1908 1726 1949 πολιτείας

342 1955 624 2000 προτιμηθῆναι
647 1955 690 1991 Α.
829 1954 873 1989 21
899 1951 1049 2000 ἀμαθία
1072 1955 1178 1990 ABG.
1511 1973 1517 1976 ’

251 2058 420 2092 Aureolus
446 2056 549 2091 armis
575 2058 699 2103 positis
723 2069 762 2091 se
784 2058 962 2091 submisit:
987 2057 1049 2091 sed
1074 2068 1149 2091 cum
1175 2056 1286 2091 denuo
1310 2066 1453 2101 regnum
1479 2056 1681 2099 affectaret,
1706 2067 1727 2090 a

250 2104 414 2139 militibus
439 2103 574 2137 occisus
599 2108 665 2138 est.
713 2103 882 2137 Claudius
917 2115 1000 2137 vero
1034 2115 1109 2137 cum
1146 2103 1202 2137 vir
1226 2104 1336 2137 bonus
1360 2103 1588 2147 iustitiaeque
1613 2107 1728 2137 secta-

249 2155 305 2184 tor
331 2154 445 2193 esset,
481 2149 667 2183 interdixit
699 2161 742 2183 ne
776 2150 852 2195 quis
883 2151 975 2183 bona
999 2149 1114 2183 aliena
1138 2151 1182 2183 ab
1206 2150 1414 2195 imperatore
1437 2153 1593 2193 peteretz
1628 2159 1727 2182 reee-

248 2202 345 2241 ptum
368 2195 404 2228 id
429 2195 516 2229 enim
542 2196 694 2229 moribus
717 2201 807 2238 erat,
837 2194 875 2229 ut
897 2196 1123 2240 imperatores
1147 2195 1253 2229 etiam
1277 2195 1544 2229 alienavdonare
1564 2200 1725 2239 possent:

250 2242 342 2276 unde
368 2241 470 2274 etiam
495 2242 603 2285 leges,
627 2253 717 2286 quae
740 2242 853 2275 adhuc
876 2242 909 2275 in
933 2253 972 2275 re
996 2242 1135 2286 publica
1159 2241 1329 2284 obtinent,
1354 2240 1522 2284 originem
1538 2241 1724 2274 duxerunt.

249 2289 371 2332 itaque
396 2287 517 2321 mulier
539 2289 718 2332 quaedam,
744 2289 842 2322 cuius
867 2288 1044 2333 praedium
1071 2287 1147 2332 ipse
1173 2294 1253 2321 ante
1275 2286 1453 2332 imperium
1478 2297 1522 2320 ex
1545 2287 1638 2320 dono
1662 2287 1725 2320 im-

248 2333 424 2379 peratoris
449 2339 655 2378 acceperat,
683 2334 852 2377 accessit,
890 2345 911 2367 a
936 2333 1082 2367 Claudio
1106 2334 1273 2377 magistro
1296 2333 1446 2377 equitum
1472 2331 1634 2367 iniuriam
1657 2332 1725 2365 sibi

250 2392 328 2414 esse
352 2380 482 2413 factam
510 2391 739 2423 conquerens·
787 2385 860 2414 tum
883 2380 938 2413 ille
959 2375 1107 2423 “quod'’
1142 2379 1256 2424 inquit
1282 2375 1478 2412 “Claudius
1501 2379 1579 2412 dum
1605 2378 1724 2435 priva·-

249 2432 307 2460 tus
333 2429 411 2459 erat
433 2437 498 2458 neo
522 2425 617 2469 leges
641 2428 784 2460 curabat
807 2426 970 2468 abstulit,
996 2426 1060 2458 hoc
1083 2425 1197 2459 factus
1222 2425 1414 2470 imperator
1436 2424 1601 2459 restituit.
1618 2419 1629 2434 ⁹

386 2471 539 2505 Senatus
563 2472 758 2514 Romanus,
787 2471 935 2506 Gallieni
960 2471 1067 2504 caede
1089 2472 1251 2515 cognita,
1272 2471 1417 2504 fratrem
1440 2470 1534 2504 illius
1557 2475 1595 2504 et
1616 2469 1723 2503 filium

251 2517 352 2551 etiam
388 2517 527 2551 occidit.
576 2529 651 2551 cum
683 2523 798 2551 autem
833 2518 1016 2552 Postumus
1051 2517 1164 2551 adhue
1198 2517 1421 2559 tyrannidem
1456 2516 1652 2559 obtineret,
1689 2520 1726 2548 et

248 2563 392 2597 barbari
409 2562 583 2597 Maeotide
607 2563 733 2608 palude
752 2568 918 2609 superata
941 2564 1058 2596 Asiam
1076 2564 1318 2607 Europamque
1332 2567 1530 2605 vastarent,
1554 2573 1596 2595 ae
1612 2566 1725 2595 utrum

249 2609 376 2642 bellum
402 2608 498 2652 prius
531 2610 785 2643 conficiendum
817 2613 912 2642 esset
943 2609 1216 2650 deliberaretur,
1252 2607 1420 2642 Claudius
1456 2608 1546 2642 dixit
1571 2603 1725 2641 “bellum

249 2655 482 2688 Postumicum
508 2666 583 2688 mea
606 2655 777 2699 interest,
812 2655 1028 2689 barbaricum
1052 2655 1102 2689 rei
1126 2653 1307 2699 publicae,
1332 2654 1430 2688 cuius
1454 2654 1489 2687 in
1515 2653 1637 2699 primis
1663 2652 1725 2687 ha-

250 2700 365 2734 benda
388 2705 443 2734 est
464 2695 589 2734 ratio?
1722 2708 1725 2710 ’

390 2746 575 2779 Caeterum
607 2746 750 2780 barbari
785 2747 907 2780 multas
931 2744 1130 2791 provincias
1155 2745 1394 2788 incursantes,
1427 2744 1724 2788 Thessalonicam,

250 2801 342 2836 quae
367 2802 442 2825 cum
466 2792 545 2826 olim
569 2792 732 2827 Emathia
755 2793 951 2838 diceretur,
986 2804 1006 2826 a
1031 2791 1186 2837 Philippi
1208 2791 1280 2825 filia
1303 2790 1501 2826 Cassandro
1525 2795 1636 2836 nupta
1659 2791 1724 2824 hoc
