1846 3138
240 115 342 163 564
714 113 944 162 IOANNIS
977 113 1240 159 ZONARAE

238 245 319 273 των
341 223 478 278 αὐτόν,
501 224 558 276 ὥς
579 227 701 269 εἰπεῖν
723 244 762 270 τι
784 224 1001 281 δεόμενος,
1021 228 1090 269 καὶ
1111 227 1353 284 προσελθὼν
1372 225 1567 280 ἐπάταξεν
1589 226 1721 272 αὐτὸν·

239 297 401 354 ’ξιφιδίῳ
423 298 571 353 μικρῷ.

376 361 501 405 Καὶι
484 379 505 404 ο
528 363 602 416 μὲν
625 359 754 411 ου’τως
777 362 873 415 ἐβίω
895 363 963 404 καὶ
985 360 1114 412 ου’τως
1136 360 1341 414 ἀπώλετο,
1365 359 1505 416 ζήσας
1505 360 1578 419 ἔτη
1592 362 1712 412 ἐννέα

239 433 306 474 καὶ
340 448 500 482 εικοσιν,
537 428 796 486 αὗταρχήσας
820 430 862 472 δ’
888 431 932 473 ἐκ
955 428 1118 474 τούτων-
1130 431 1337 482 ἐνιαυτοὺς
1357 428 1402 482 ἐξ
1424 433 1498 474 ἐπὶ
1510 429 1604 475 δυο-
1610 433 1712 487 μησὶ

187 505 218 540 C
243 501 309 542 καὶ
341 498 511 555 ἡμέραις
542 499 635 542 τισί.
704 499 858 554 λέγεται
895 499 939 542 δὲ
976 500 1017 541 ἐν
1044 500 1264 558 Ἀντιοχείᾳ
1295 499 1341 542 τὸ
1371 503 1596 549 τελευταῖον
1627 498 1745 548 &vus

240 568 351 626 αὐτῷ
385 567 500 619 δόξαι
536 567 629 610 κατ’
663 565 763 623 ὄναρ
795 567 866 609 τὸν
888 567 1043 624 πατέρα
1068 566 1218 653 ξιφήρη
1242 568 1450 623 ἐπιστῆναι
1471 568 1638 624 λέγοντα
1655 566 1717 625 ὥς,

232 634 314 680 “ab
339 635 408 679 τὸν
430 634 647 720 ἀδελφὸν
633 636 830 687 ἔκτεινας,
864 637 932 678 καὶ
965 636 1043 691 ἐγὼ
1076 637 1121 680 σὲ
1152 636 1307 679 aeteva?
1391 638 1459 679 καὶ
1480 635 1646 697 μάντεις
1668 636 1715 682 δὲ

240 703 347 748 εἶπον
371 705 481 762 αὐτῷ
504 705 576 759 τὴν
598 702 795 760 ἡμέραν
777 704 927 759 εκείνην
951 702 1260 762 φυλάσσεσθαι,
1294 706 1362 748 καὶ
1395 703 1502 749 ἄλλα
1531 705 1580 750 δέ
1610 719 1716 763 φασι

237 777 311 816 τοῦ
334 773 509 828 ὀλέθρου
535 772 645 830 αὐτῷ
668 777 874 827 συμβῆναι
896 770 1105 829 τεκμήρια.

376 842 444 883 13.
499 845 588 884 Τοῦ
611 840 652 882 δ
671 841 906 885 Ἀντωνίνου
931 840 1251 898 διαφθαρέντος,
1281 858 1327 883 ον
1351 842 1416 884 καὶ
1441 818 1714 898 Καρακαλλον
1725 851 1771 887 10

239 907 422 960 ἐκάλουν,
461 907 516 959 ὡς
548 910 724 965 εἲρηται,
768 909 874 952 ἀλλὰ
903 910 1039 964 μέντοι
1073 911 1140 952 καὶ
1174 908 1371 966 Τάραντα
1401 909 1446 953 ἐκ
1476 906 1715 964 μονομάχου

237 978 345 1028 τινὸς
378 976 692 1031 εἷδεχθεστάτου
723 979 793 1034 καὶ
824 976 1177 1036 μιαιφονωτάτου,
1206 976 1234 1023 ,ὅ
1268 980 1486 1034 Μακρῖνος
1515 977 1619 1038 μετὰ
1650 994 1717 1021 τε-

238 1045 390 1102 τάρτην
412 1044 568 1102 ἡμέραν
591 1046 664 1101 τὴν
686 1044 901 1101 ἡγεμονίαν
924 1045 1079 1103 εἷλήφει
1102 1047 1215 1103 παρὰ
1239 1051 1311 1101 τῆς
1333 1050 1550 1104 στρατιᾶς,
1567 1045 1625 1093 τὸ
1642 1046 1716 1101 μὲν

238 1115 350 1170 γένος
385 1117 567 1172 Μαῦρος
603 1113 810 1169 τυγχάνων
848 1115 889 1157 ἐκ
927 1115 1114 1166 Σικελίας
1154 1116 1221 1157 καὶ
1260 1115 1407 1171 γονέων
1448 1112 1716 1169 ἀσημοτάτων

184 1190 216 1224 D
241 1182 358 1238 (ὅθεν
380 1183 483 1226 κατὰ
506 1184 552 1226 τὸ
575 1183 867 1241 τῶννΜαύρων
890 1183 988 1233 ἔθος
1010 1188 1089 1226 τῶν
1108 1182 1222 1226 ὤτων
1241 1184 1286 1231 τὸ
1306 1182 1713 1240 ἕτερονδιετέτρητο),
1725 1195 1770 1231 15

238 1252 411 1311 ἐπιεικὴς
435 1253 569 1294 δὲκαὶ
599 1257 679 1294 τῶν
711 1250 846 1306 νόμων
880 1250 1017 1309 φύλαξ
1047 1250 1299 1302 πιστότατος.
1367 1251 1413 1310 ὃς
1443 1253 1511 1295 καὶ
1541 1251 1717 1310 ὲᾶταρχος

236 1320 409 1375 γεγονὼς
445 1319 593 1377 ἄριστα
630 1320 682 1377 τὰ
717 1325 789 1379 τῆς
823 1321 952 1376 ἀρχῆς
989 1318 1242 1378 διῳκήσατο,
1270 1318 1565 1380 ἀύτοιελλζήσας17
1587 1321 1631 1366 δὲ
1666 1319 1715 1363 οὗ

237 1387 369 1431 πάντα
392 1392 526 1438 καλῶς
549 1388 731 1473 ἔπραξεν.
800 1389 988 1439 ἀναξιους
1021 1389 1100 1445 γὰρ
1132 1390 1279 1447 ,ἐφίστα
1311 1394 1412 1439 ταῖς
1423 1388 1587 1446 ἀρχαῖς,
1620 1386 1645 1435 ο
1658 1388 1714 1437 τὸ

216 1454 424 1512 Ιμέγιστόν
454 1458 538 1501 ἐστι
568 1458 692 1513 μέρος
714 1461 787 1511 τῆς
808 1461 1022 1511 βασιλικῆς
1045 1455 1279 1512 διοικήσεως
1288 1489 1301 1509 ,
1337 1459 1405 1500 καὶ
1429 1457 1716 1546 τρυφερωτέρα

240 1524 439 1583 ἐχρήσατο
461 1530 602 1583 βιοτῇ,
638 1524 743 1568 ἀλλὰ
765 1526 900 1579 μέντοι
924 1527 992 1568 καὶ
1017 1524 1275 1583 σοβαροτητι.
1389 1580 1393 1581 ⁷
1414 1555 1416 1557 -
1523 1569 1526 1572 ,
1723 1529 1771 1566 20

333 1675 354 1710 7
385 1671 426 1710 δ’
449 1675 491 1712 Β.
600 1677 645 1711 10
667 1674 901 1732 καράκαλον
905 1675 981 1711 Ac.
1092 1678 1135 1712 11
1165 1671 1365 1719 Ταράνταν
1384 1676 1507 1711 Dionis
1530 1686 1606 1711 exc.
1630 1675 1714 1711 Urs.

334 1722 379 1757 12
395 1719 609 1776 μιαιφόνου
633 1722 677 1757 A.
813 1723 857 1757 13
881 1719 1023 1766 ἡμέραν
1045 1718 1115 1766 τὴν
1138 1734 1192 1756 om
1215 1723 1259 1757 Β
1399 1722 1445 1756 14
1468 1717 1508 1757 ἐκ
1530 1721 1715 1765 Σικελίας]

329 1762 407 1801 ἀπὸ
442 1768 667 1813 Καισαρείας
694 1769 762 1802 1)ῑο
792 1768 931 1812 (Ursin.
957 1772 994 1803 et
1017 1767 1154 1813 Falc.)‚
1190 1764 1268 1802 οἶπό
1299 1766 1471 1810 Σικελίας
1492 1766 1716 1812 Καισαρείας

330 1812 541 1858 Xiphilinus.
679 1813 724 1848 18
747 1810 916 1857 αναξίοις
934 1814 979 1849 A.

374 1909 543 1989 Εὲιίιιτιςε.
593 1909 680 1954 Cap.
705 1907 763 1944 13.
812 1908 941 1945 Dionis
962 1908 1145 1946 Historiae
1168 1909 1354 1945 Romanae
1384 1909 1444 1947 lib.
1476 1907 1533 1951 78
1555 1920 1588 1947 ο.
1620 1907 1644 1945 9
1667 1927 1713 1934 -

330 1966 361 1989 ο.

237 2090 374 2124 ciscens
399 2090 612 2124 exonerandi
635 2090 772 2124 ventris
797 2102 902 2125 causa
925 2101 1013 2135 equo
1037 2090 1298 2134 descendisset,
1321 2090 1420 2125 miles
1443 2089 1582 2135 quidam
1605 2101 1627 2124 a
1649 2089 1713 2124 tri—

240 2136 341 2170 bunis
365 2136 555 2170 submissus
579 2140 744 2181 tanquam
766 2136 925 2171 dicturus
947 2137 1079 2182 aliquid
1102 2148 1180 2171 eum
1204 2136 1357 2182 pugione
1366 2136 1574 2191 percussit·

379 2181 442 2215 Sic
465 2182 523 2216 ille
547 2182 638 2216 vixit
662 2186 699 2216 et
724 2182 849 2226 periit,
883 2194 972 2216 anno
998 2183 1123 2217 aetatis
1145 2182 1214 2226 29,
1252 2182 1389 2227 imperii
1410 2180 1454 2224 6,
1466 2186 1554 2216 cum
1578 2181 1714 2216 duobus

239 2227 412 2262 mensibus
449 2232 486 2261 et
519 2228 643 2261 diebus
679 2228 823 2272 aliquot.
869 2229 1006 2272 fertur,
1049 2239 1123 2262 cum
1159 2233 1332 2272 postremo
1365 2227 1573 2262 Antiochiae
1604 2231 1714 2270 esset,

240 2273 448 2316 somniasse,
483 2278 617 2318 patrem
650 2274 774 2307 stricto
802 2285 886 2307 ense
909 2276 1104 2309 adstantem
1128 2274 1197 2308 sibi
1220 2271 1374 2309 dicere‘
1376 2270 1429 2307 tu
1451 2274 1596 2308 fratrem
1620 2273 1715 2318 ocei-

239 2319 336 2361 disti,
362 2324 397 2352 et
417 2330 484 2363 ego
509 2325 544 2352 te
571 2315 759 2354 occidam-’¹
799 2325 854 2354 est
877 2325 914 2354 et
936 2331 957 2354 a
980 2320 1121 2354 vatibus
1144 2320 1295 2354 monitus
1318 2323 1357 2354 ut
1379 2318 1470 2353 diem
1491 2319 1587 2354 illum
1608 2329 1714 2374 cave-

239 2370 308 2400 ret.
358 2369 594 2398 memorantur
618 2364 685 2398 alia
708 2376 847 2410 quoque
870 2366 971 2410 signa
997 2366 1070 2400 eius
1092 2366 1272 2400 interitum
1295 2365 1543 2410 praecessisse.
1684 2386 1685 2389 =

383 2410 437 2445 13.
485 2410 670 2453 Antonino,
695 2411 756 2456 qui
783 2416 821 2445 et
844 2411 1037 2455 Caracalla,
1061 2416 1102 2445 ut
1124 2412 1253 2448 dictum
1277 2416 1343 2455 est,
1367 2415 1404 2444 et
1429 2410 1544 2445 Taras
1563 2412 1622 2446 de
1633 2411 1712 2456 gla-

240 2455 385 2490 diatoris
418 2455 597 2490 cuiusdam
629 2458 824 2501 turpissimi
857 2462 894 2490 et
924 2458 1151 2491 crudelissimi
1181 2457 1317 2492 nomine
1338 2457 1560 2512 vocabatur,
1598 2457 1713 2491 inter-

242 2505 379 2546 empto,
411 2501 590 2535 Macrinus
613 2507 739 2547 quarto
765 2503 823 2537 die
848 2507 930 2547 post
950 2515 972 2538 a
995 2503 1171 2537 militibus
1178 2503 1320 2547 accepit
1336 2502 1538 2547 imperium,
1571 2503 1713 2548 natione

240 2547 386 2581 Maurus
411 2547 621 2590 Siciliensis,
646 2549 850 2593 parentibus
873 2553 972 2583 ortus
996 2548 1252 2583 obscurissimis
1273 2548 1383 2591 (unde
1400 2549 1599 2583 Maurorum
1618 2559 1715 2584 more

243 2593 384 2626 alteram
410 2604 526 2627 aurem
552 2574 760 2637 perforatam
784 2595 940 2638 habuit),
975 2595 1039 2629 sed
1070 2595 1126 2629 vir
1157 2594 1355 2628 moderatus
1387 2601 1424 2629 et
1449 2592 1573 2639 legum
1593 2598 1713 2628 custos

243 2637 479 2673 fidelissimus.
511 2639 587 2692 ‘qui
616 2641 816 2685 praefectus
847 2642 1024 2685 praetorio
1049 2640 1289 2685 magistratum
1312 2651 1390 2674 eum
1415 2640 1544 2694 optime
1567 2639 1714 2674 admini-

244 2688 401 2722 stratam
423 2685 484 2717 sed
509 2685 685 2730 imperium
709 2698 776 2720 non
799 2698 863 2731 per
887 2687 999 2720 omnia
1021 2691 1119 2720 recte
1142 2686 1262 2731 gessit.
1310 2697 1386 2720 nam
1409 2685 1642 2740 magistratus
1654 2685 1711 2720 in-

240 2728 360 2772 dignis
375 2726 600 2775 largiebatur,
625 2743 715 2776 quae
736 2732 884 2766 maxima
907 2743 989 2776 pars
1012 2739 1068 2766 est
1091 2731 1306 2775 imperatorii
1327 2732 1499 2774 muneris;
1524 2736 1561 2766 et
1575 2731 1711 2766 ratione

243 2773 358 2810 victus
381 2775 586 2813 delicatiore
609 2779 783 2822 utebatur,
807 2783 845 2813 et
865 2777 993 2814 fastum
1016 2777 1187 2823 quendam
1209 2788 1296 2823 prae
1318 2789 1359 2813 se
1380 2778 1533 2814 fetebat.
