1820 3120
270 107 364 152 232
756 105 981 149 IOANNIS
1016 106 1272 149 ZONARAE

267 219 503 275 Πυρηναίου
535 218 585 260 τὰ
615 218 686 271 μὲν
716 219 788 279 βία
820 219 869 262 τὰ
902 219 947 262 δὲ
978 217 1171 278 ὁμολογίᾳ
1192 218 1563 275 προσποιησάμενος
1583 221 1625 272 ἐς
1646 222 1719 278 τὴν

267 285 432 340 Λιβύην
456 286 694 329 στείλασθαι
715 284 962 342 ἡτοιμάζετο.
993 287 1030 329 οἱ
1054 286 1096 329 δ’
1122 287 1163 328 ἐν
1185 291 1234 343 τῇ
1251 284 1385 343 Ῥώμῃ
1408 287 1457 329 τὰ
1479 289 1552 342 μὲν
1573 288 1719 349 φθόνῳ

266 358 345 395 τῶν
385 352 716 411 κατορθωμάτων
756 355 879 398 αὐτοῦ
887 387 900 407 ,
952 355 1003 397 τὰ
1052 355 1095 399 δὲ
1144 352 1262 412 φόβῳ
1309 354 1381 415 μὴ.
1412 352 1721 414 ὑπερφρονήσας

213 434 241 467 c
266 423 497 478 τυραννίσῃ,
533 423 818 466 ἀνεκαλέσαντο
854 421 989 475 αὐτόν,
1025 421 1096 466 δύο
1130 426 1209 465 τῶν
1244 426 1477 480 στρατηγῶν
1507 423 1720 482 διαδόχους

264 491 375 548 αὐτῷ
397 491 640 545 πέμψαντες.
1470 524 1474 530 »

399 559 480 600 Καὶ
513 557 533 601 ὁ
569 559 642 612 μὲν
673 558 777 601 οὕτω
810 562 882 613 τῆς
914 559 1040 615 ἀρχῆς
1073 556 1236 613 ἐπαύθη
1246 591 1258 610 ,
1299 556 1320 601 ὃ
1354 559 1400 601 δέ
1417 575 1461 615 γε
1485 558 1720 612 Σουλπίκιος

261 627 362 680 μετὰ
397 630 470 669 τοῦ
495 625 686 669 Ἀττάλου
710 626 814 668 κατὰ
836 626 905 669 τὸν
929 627 1049 669 αὐτὸν
1066 625 1214 684 χρόνον
1237 626 1384 684 Ὠρεὸν
1413 627 1488 682 μὲν
1509 629 1720 688 προδοσίᾳ,
1818 610 1820 681 l

258 694 458 737 Ὀποῦντα
491 696 533 736 δὲ
565 693 676 750 ἰσχύϊ
700 695 899 749 κατέσχεν.
969 693 990 737 ὃ
1016 694 1092 751 γὰρ
1120 696 1318 745 Φίλιππος
1340 695 1412 737 οὔκ
1433 694 1622 752 ἠδυνήθη
1645 697 1722 739 αὖ·
1818 686 1820 705 ¹

263 770 344 813 τοῖς
383 764 582 816 ἐπαμῦναι
623 763 690 805 διὰ
732 764 897 817 ταχέων,
942 763 1014 812 τὰς
1051 761 1220 814 διόδους,
1249 761 1607 820 προκατασχόντὶον
1641 769 1721 808 τῶν

262 833 473 873 Αἰτωλῶν.
542 831 621 885 ὀψὲ
655 832 702 873 δέ
736 847 830 885 ποτε
862 829 1057 883 ἐπελθών,
1094 834 1149 882 εἷς
1171 831 1243 882 τὰς
1265 836 1364 882 ναῦς
1385 832 1512 875 αὐτοῦ’
1532 832 1602 875 τὸν
1623 832 1718 876 ’Zr-
1731 843 1776 878 10

266 903 382 941 ταλον
405 906 648 956 καταφυγεῖν
670 897 874 952 ἐβιάσατο.
943 897 965 942 ὅ
988 899 1124 953 μέντοι
1149 901 1348 951 Φίλιππος
1371 901 1616 944 σπείσασθαι
1637 907 1722 952 τοῖς

257 965 467 1020 Ῥωμαίοις
499 967 694 1022 ἠθέλησε·
742 968 812 1010 καί
840 984 957 1010 τινων
991 965 1120 1023 λόγων
1153 967 1290 1018 αὐτοῖς
1319 969 1541 1024 γενομένων
1565 968 1619 1012 τὰ
1647 970 1720 1024 μὲν

261 1040 330 1089 τῆς
366 1034 522 1091 εἰρήνης
554 1035 736 1092 ἀφείθη,
771 1035 865 1085 τούς
891 1036 931 1077 δ’
957 1036 1171 1086 Αἰτωλοὺς
1194 1035 1273 1078 ἀπὸ
1295 1041 1370 1080 τοῦ
1391 1043 1615 1092 συμμαχεῖν
1638 1044 1722 1088 τοῖς

254 1101 464 1157 Ῥωμαίοις
485 1104 758 1158 μεταθέμενος
782 1105 922 1161 φίλους
947 1102 1094 1147 ἑαυτοῦ
1118 1102 1347 1159 ἐποιήσατο.

389 1170 438 1214 Ὁ
462 1172 502 1213 δ’
523 1172 705 1226 Ἀννίβας
728 1172 826 1222 τέως
846 1170 1015 1226 ἡσυχίαν
1037 1167 1142 1228 ἦγεν,
1170 1172 1335 1229 ἀγαπῶν
1359 1175 1393 1215 εἲ
1415 1170 1718 1231 τὰῶπάρχοντά
1731 1185 1774 1220 15

206 1247 235 1279 Ι)
263 1240 298 1281 οἱ
324 1238 580 1282 διασώσαιτο.
650 1243 716 1282 καὶ
752 1241 789 1282 οἳ
820 1239 963 1284 ὕπατοι
993 1242 1215 1294 νομίζοντες
1238 1241 1359 1284 αὐτὸν
1382 1243 1449 1298 καὶ
1473 1239 1566 1285 ι’ίνευ
1588 1236 1742 1297 μάχηςἶ

258 1309 562 1365 ἓκτρυχωθῆναι
577 1341 588 1360 ,
626 1310 792 1363 ἀνεῖχον.

396 1380 467 1433 Τῷ
491 1378 532 1418 δ’
562 1374 708 1418 ἐπιόντι
732 1376 808 1418 ἔτει
832 1373 854 1417 ὅ
878 1393 924 1417 τε.
943 1377 1118 1418 Σκιπίων
1143 1374 1164 1417 ὅ
1188 1374 1400 1426 Πούπλιος
1423 1377 1489 1418 καὶ
1511 1377 1720 1427 Λικίννιος

258 1443 450 1498 Κράσσος
471 1442 711 1487 ὑπάτευσαν.
782 1445 848 1486 καὶ
873 1441 893 1486 ὃ
916 1445 989 1497 μὲν
1012 1445 1052 1485 ἓν
1076 1448 1124 1500 τῇ
1143 1444 1290 1503 Ἰταλίᾳ
1312 1444 1472 1499 ἔμεινεν,
1497 1443 1530 1487 ’ὅ
1555 1445 1598 1487 δὲ
1624 1448 1720 1487 Σκι-

257 1513 356 1554 πίων
389 1514 429 1562 ἐς
452 1514 634 1554 Σικελίαν
669 1513 857 1554 ἀπελθεῖν
891 1514 957 1554 καὶ
989 1513 1029 1562 ἐς
1050 1511 1218 1567 Λιβύην
1250 1514 1553 1570 προσετέτακτο,
1584 1515 1652 1556 ἵνα
1684 1515 1775 1559 εἰ20

255 1581 311 1634 μὴ
339 1581 409 1633 τὴν
434 1580 679 1637 Καρχηδόνα
703 1579 881 1638 αἱρήσει,
916 1578 984 1622 τόν
1014 1597 1056 1636 γε
1081 1580 1264 1633 Ἀννίβαν
1295 1581 1392 1632 τέως
1415 1581 1494 1624 ἀπὸ
1511 1585 1589 1637 ,τῆς
1615 1582 1718 1624 Ἰτα-

1727 502 1749 535 5

348 1721 370 1752 4
393 1718 602 1766 τυραννήσῃ
626 1721 698 1756 Ac.
812 1719 1047 1764 στρατιωτῶν
1068 1721 1122 1754 A:
1147 1721 1213 1755 Dio
1237 1720 1467 1764 στρατηγῶνε
1486 1721 1718 1764 proconsules

349 1765 429 1799 Liv.
452 1765 497 1799 28
520 1765 568 1800 38
590 1766 667 1800 coll.
691 1764 736 1799 29
763 1765 818 1800 13.
911 1765 934 1800 8
959 1761 978 1799 ὃ
1002 1765 1179 1807 φίλιππος
1193 1762 1262 1809 γὰρ
1279 1765 1322 1800 Β.
1413 1765 1436 1800 9
1459 1762 1650 1806 διεξόδους
1669 1767 1717 1801 B=

346 1811 410 1844 Dio
435 1809 597 1850 διόδους.
737 1810 781 1844 18
816 1810 966 1850 λικίνιος
994 1810 1035 1846 Β.
1175 1810 1220 1846 19
1241 1807 1378 1853 nocivo«,-
1407 1810 1544 1845 codices
1575 1812 1720 1857 passim.

346 1855 409 1889 καὶ
433 1854 451 1889 ὁ
474 1854 541 1899 μὲν
564 1854 603 1889 ἐν
625 1857 672 1900 τῇ
690 1852 825 1902 Ἰταλίᾳ
850 1852 987 1901 ἔμεινεν
1007 1855 1127 1890 Dionis
1154 1860 1352 1902 excerptum
1374 1856 1631 1893 Peirescianum
1653 1857 1711 1893 62.

345 1903 387 1935 21
414 1900 502 1941 τέως
525 1907 606 1947 post
625 1898 783 1941 Ἰταλίας
801 1903 844 1939 Α.

250 2038 334 2060 ram.
387 2025 508 2070 Scipio
533 2036 608 2059 cum
638 2026 753 2059 omnia
784 2037 874 2070 quae
905 2026 998 2059 intra
1020 2025 1220 2069 Pyrenaeos
1244 2019 1386 2061 montes*
1407 2029 1489 2060 sunt
1517 2025 1644 2071 partim
1677 2028 1717 2061 vi

250 2071 375 2117 partim
399 2071 575 2104 deditione
600 2071 770 2117 cepisset,
803 2071 967 2105 traiicere
989 2071 1026 2104 in
1052 2071 1203 2106 Africam
1234 2072 1370 2108 statuit.
1418 2071 1563 2106 Romani
1586 2077 1716 2116 autem,

249 2118 375 2163 partim
411 2127 454 2150 ex
488 2117 621 2151 invidia
656 2127 875 2151 successuum
916 2117 1012 2160 eiuS,
1058 2118 1183 2162 partim
1213 2117 1316 2152 veriti
1345 2129 1389 2151 ne
1421 2128 1484 2164 per
1517 2119 1716 2162 superbiam

250 2174 394 2208 regnum
420 2162 614 2204 affectaret,
641 2163 726 2198 duos
750 2163 782 2197 ei
807 2173 1026 2196 successores
1050 2163 1232 2197 dederunt.

383 2207 445 2242 Sic
468 2208 590 2252 Scipio
615 2208 795 2252 imperium
819 2208 1001 2253 deposuit:
1027 2208 1202 2253 Sulpicius
1226 2211 1340 2242 autem
1362 2217 1436 2240 cum
1451 2205 1570 2242 Attalo
1595 2207 1715 2243 eodem

248 2260 403 2299 tempore
431 2254 559 2287 Oreum
585 2254 803 2298 proditione,
840 2255 1014 2299 Opuntem
1041 2253 1075 2288 vi
1099 2253 1295 2298 occupavit.
1342 2252 1524 2298 Philippus
1549 2253 1639 2287 enim
1663 2254 1714 2288 eis

246 2304 380 2334 mature
414 2311 514 2344 opem
548 2301 641 2333 ferre
674 2311 741 2334 non
772 2300 908 2346 potuit,
935 2299 1004 2334 viis
1036 2310 1104 2343 qua
1135 2297 1379 2334 transeundum
1411 2303 1487 2332 erat
1511 2299 1555 2333 ab
1579 2299 1713 2334 Aetolis

246 2345 403 2381 insessis.
451 2345 514 2379 sed
538 2357 615 2379 sero
640 2346 777 2380 tandem
801 2357 876 2380 cum
901 2345 1071 2388 venisset,
1094 2346 1211 2379 Attalo
1235 2345 1271 2378 in
1295 2354 1404 2377 naves
1427 2355 1508 2379 suas
1524 2346 1712 2390 compulso,

246 2403 362 2436 pacem
389 2403 464 2425 cum
485 2390 648 2425 Romanis
672 2391 789 2425 facere
814 2391 936 2426 voluit.
986 2391 1047 2425 sed
1079 2402 1152 2425 cum
1175 2394 1257 2436 post
1279 2389 1384 2423 multa
1406 2390 1516 2433 verbs
1540 2390 1712 2425 condicio-

247 2449 308 2471 nes
333 2448 400 2470 non
425 2437 660 2481 placuissent,
693 2449 780 2483 pace
802 2437 987 2483 repudiata
1010 2436 1150 2471 Aetolos
1183 2447 1204 2470 a
1225 2435 1454 2470 Romanorum
1485 2436 1636 2471 amicitia
1667 2436 1712 2470 ad

247 2495 285 2516 se
308 2483 479 2517 traduxit.

382 2528 555 2563 Hannibal
580 2532 693 2562 autem
715 2527 851 2562 interea
876 2527 1032 2573 quievit,
1064 2538 1125 2561 sua
1158 2527 1252 2561 tueri
1281 2532 1336 2560 sat
1370 2527 1523 2560 habens:
1555 2536 1667 2570 neque
1690 2538 1713 2559 a

244 2574 443 2653 cpbnsulibus
475 2579 529 2608 est
555 2573 760 2616 lacessitus,
793 2585 868 2607 eum
902 2574 989 2607 citra
1020 2572 1271 2607 dimicationem
1302 2573 1482 2607 subactum
1513 2569 1556 2628 iri
1584 2578 1712 2616 putan-

244 2627 270 2652 ti
298 2632 349 2653 us.

383 2666 554 2710 Sequenti
576 2677 664 2699 anno
687 2666 726 2702 P.
753 2665 873 2710 Scipio
898 2670 934 2699 et
955 2664 1108 2701 Licinius
1135 2665 1284 2698 Crassus
1307 2662 1464 2696 consules
1487 2661 1583 2696 facti.
1624 2673 1711 2706 quo-

245 2722 315 2743 rnm
342 2711 399 2743 hic
422 2712 454 2743 in
476 2711 578 2746 ltalia
602 2712 746 2754 mansit,
784 2711 893 2745 altero
920 2710 955 2745 in
978 2710 1133 2744 Siciliam
1159 2715 1195 2742 et
1217 2709 1367 2754 Africam
1390 2707 1443 2741 ire
1463 2707 1582 2749 iusso,
1617 2713 1654 2742 ut
1677 2708 1711 2741 si

242 2756 491 2801 Carthaginem
519 2769 587 2791 non
611 2761 772 2802 caperet,
806 2757 925 2791 saltem
957 2755 1186 2790 Hannibalem
1220 2766 1261 2788 ex
1290 2753 1392 2788 Italia
1425 2758 1599 2788 avocaret.
1648 2754 1709 2787 sed
