1820 3120
252 71 353 118 328
732 62 970 116 loANle‘
996 54 1260 115 zoNARAE

251 184 365 238 δίκην
399 181 583 239 διέφυγεν
613 180 848 234 ὑπεξελθὼν
881 183 1092 239 Αἴγυπτον
1129 185 1198 226 καὶ
1232 184 1400 227 ταπεινὰ
1434 183 1622 242 πράττων
1653 188 1723 229 καὶ
1776 199 1779 202 “

249 243 513 307 μισούμενος,
538 248 710 309 Βρούτῳ
725 252 778 294 δὲ
803 249 969 310 Μάρκῳ
991 256 1050 310 τῷ
1074 253 1264 307 Καίσαρα
1287 253 1480 296 κτείναντι
1498 254 1723 311 περιπεσὼν

252 321 293 362 ἓν
311 319 424 378 Ἀσία
449 320 517 360 καὶ
540 323 676 362 πᾶσαν
700 320 831 362 αἰκίαν
852 317 926 361 ὕπ’
954 319 1078 362 αὐτοῦ
1104 321 1303 370 αἰκισθεὶς
1325 318 1572 376 ἀπεκτάνθη,
1633 321 1723 365 ὅσοι

251 387 297 430 δὲ
319 390 399 430 τῶν
421 388 644 442 Πομπηΐου
677 379 806 444 φίλων
837 386 1064 430 ἑαλώκεσαν
1093 386 1173 431 ὕπὸ
1196 393 1270 431 τοῦ
1291 393 1364 442 τῆς
1385 387 1599 444 Αἰγύπτου
1619 407 1722 448 κρα-

250 459 438 505 τοῦντος,
468 452 622 506 πάντας
645 455 903 513 εὐηργέτησεν
926 453 947 498 ὃ
974 457 1138 513 Καῖσαρ
1163 458 1229 498 καὶ
1253 455 1541 513 προσηγάγετο.
1732 466 1755 499 5

387 519 524 565 Κάκεῖ
552 524 594 566 δὲ
624 522 801 577 πόλεμον
831 522 1128 579 συνεστήσατο,
1170 527 1236 566 καὶ
1270 523 1408 582 κρύφα
1438 525 1512 579 τὴν
1535 524 1724 568 Κλεοπά-

200 599 231 633 Β
253 608 355 649 τραν
386 591 466 634 ἀπὸ
498 596 570 646 τῆς
601 589 743 648 χώρας
773 592 1065 646 μετεπέμπετο,
1101 594 1369 647 ἐκβληθεῖσαν
1399 592 1479 648 ἤδη
1510 598 1583 649 τῆς
1602 598 1725 647 βασι-

250 660 361 709 λείας
392 663 434 702 τε
466 661 532 701 καὶ
567 664 639 714 τῆς
673 659 826 710 πόλεως
856 660 969 717 παρὰ
999 659 1287 715 τοῦεὖνούχου
1310 664 1533 704 Ποθεινοῦ.
1597 661 1627 716 ἦ
1651 662 1725 705 σὺν

248 725 361 785 μόνῳ
382 731 442 785 τῷ
464 726 683 784 Σικελιώτῃ
710 727 1003 786 Ἀπολλοδώρῳ
1027 732 1083 779 εἷς
1105 727 1268 772 ἀκάτιον
1290 729 1435 786 μικρὸν
1457 728 1619 784 ἐμβᾶσα
1640 736 1726 780 τοῖς

247 796 470 849 βασιλείοις
501 796 723 853 προσέσχε,
761 798 827 838 καὶ
866 799 921 847 εἰς
955 796 1321 854 στρωματόδεσμον
1349 799 1500 842 ἐνδῦσα
1531 799 1724 855 προτείνει
1735 803 1780 838 10

247 863 412 919 μακρὰν
435 862 594 918 ἑαυτήν,
634 862 655 905 ὃ
680 865 724 906 δὲ
753 863 1057 921 Ἀπολλόδωρος
1078 864 1216 919 ἱμάντι
1233 864 1443 920 συνδήσας
1463 866 1509 909 τὸ
1533 878 1726 924 στρωμα-

246 930 446 985 τόδεσμον
470 933 680 986 εἲσκομίζει
705 932 774 974 διὰ
796 937 940 990 θυρῶν
962 933 1063 990 πρὸς
1084 934 1154 977 τὸν
1179 935 1386 991 Καίσαρα.
1422 937 1489 977 καὶ
1513 934 1724 978 διὰγτοῦτο

247 1000 293 1042 τὸ
317 1000 495 1055 τέχνημα
519 1005 705 1057 λαμυρᾶς
730 1002 944 1056 φανείσης,
979 1004 1045 1044 καὶ
1079 1007 1152 1056 τῆς
1182 1002 1307 1057 ἄλλης
1336 1001 1495 1057 ὁμιλίας
1516 1003 1583 1044 καὶ
1600 1002 1726 1059 χάρι-

247 1085 318 1119 τος
341 1068 467 1123 αὐτῆς
490 1066 704 1124 ἡττηθείς,
742 1068 929 1124 διήλλαξε
952 1070 1055 1127 πρὸς
1077 1071 1146 1113 τὸν
1169 1070 1348 1128 ἀδελφὸν
1372 1068 1428 1121 ὥς
1449 1069 1726 1125 συμβασιλεύ-

249 1153 417 1180 σουσαν.
1734 1144 1780 1180 15

377 1203 655 1259 Ἑστιωμένων
679 1206 704 1247 δ
709 1205 721 1221 ²
749 1206 812 1248 ἐπὶ
835 1212 923 1256 ταῖς
946 1208 1206 1262 διαλλαγαῖς,
1243 1205 1460 1261 ἐπιβουλὴν
1483 1205 1681 1264 φωράσας
1702 1205 1724 1250 ὃ

198 1281 229 1316 c
253 1275 418 1329 Καῖσαρ
451 1273 719 1328 τυρευομένην
751 1272 826 1316 ὑπ’
860 1274 1024 1329 Ἀχιλλᾶ
1054 1280 1127 1317 τοῦ
1160 1279 1387 1331 στρατηγοῦ
1418 1276 1484 1317 καὶ
1513 1277 1727 1318 Ποθεινοῦ

248 1346 324 1385 τοῦ
347 1339 537 1396 εὐνούχου
549 1372 561 1392 ,
605 1340 676 1384 τὸν
697 1342 770 1395 μὲν
792 1343 999 1385 Ποθεινὸν
1023 1343 1192 1394 ἀνεῖλεν,
1229 1343 1418 1397 Ἀχιλλᾶς
1441 1343 1484 1384 δὲ
1507 1343 1648 1400 φυγῶν
1672 1345 1727 1393 εἲς

247 1410 294 1453 τὸ
318 1407 592 1466 στρατόπεδον
612 1410 746 1465 βαρὺν
770 1411 878 1468 αὐτῷ
900 1413 1123 1467 περιίστησι
1145 1410 1333 1465 πόλεμον.
1402 1409 1467 1453 ὅτε
1491 1415 1572 1467 πῦρ
1596 1413 1727 1465 ἔμβα-

247 1476 388 1528 λόντος
413 1479 624 1534 Καίσαρος
645 1482 704 1536 τῷ
727 1477 858 1536 στόλῳ
881 1481 948 1521 καὶ
971 1477 997 1534 ἦ
1016 1479 1170 1535 μεγάλη
1188 1478 1437 1534 βιβλιοθήκη
1455 1479 1782 1536 ἓμπέπρηστο.20

247 1545 382 1601 μάχης
413 1547 456 1588 δὲ
480 1544 732 1601 συνεστώσης
755 1545 1004 1602 κατεπήδησε
1026 1548 1099 1601 μὲν
1123 1548 1202 1590 ἀπὸ
1226 1552 1300 1591 τοῦ
1324 1546 1519 1602 χώματος
1542 1550 1599 1598 εἷς
1621 1546 1724 1590 ἀκά-

248 1632 347 1667 τιον,
396 1612 661 1656 ἐπιπλεόντων
697 1615 741 1656 δὲ
775 1614 1030 1670 πολλαχόθεν
1067 1615 1178 1674 αὐτῷ
1214 1621 1294 1658 τῶν
1328 1617 1565 1672 Αἰγυπτίων
1599 1616 1726 1674 ῥίψας

341 1745 364 1779 3
388 1740 626 1787 ἀπεκτάνθη]
652 1742 722 1777 huc
744 1754 855 1788 usque
878 1755 922 1778 ex
945 1744 1126 1779 Plutarchi
1150 1746 1314 1791 Pompeio
1338 1749 1515 1789 excerpta.
1622 1745 1644 1780 9
1666 1756 1724 1789 μι-

340 1786 645 1880 ξὲἓζςοέιᾱὲᾏᾶ
671 1789 715 1825 17
731 1787 981 1834 τυρευομένην
995 1790 1101 1834 ABC,
1125 1787 1374 1836 τηρευομένην
1390 1790 1481 1826 PW.
1573 1790 1619 1824 20
1633 1790 1725 1826 Καί-

252 1949 418 1983 Caesaris
442 1948 605 1983 ultionem
630 1948 767 1993 evasit,
791 1949 878 1983 clam
902 1960 945 1983 ex
970 1950 1135 1995 Aegypto
1159 1950 1297 1995 elapsus
1321 1952 1358 1983 et
1380 1949 1416 1983 in
1441 1949 1559 1984 humili
1586 1949 1726 1983 fortuna
1772 1956 1780 1963 “

251 1995 383 2039 degens
414 1994 551 2029 invisus
582 1994 759 2038 omnibus,
797 1995 860 2028 sed
892 2000 972 2040 post
1006 2008 1027 2030 a
1050 1997 1102 2030 M.
1128 1996 1237 2030 Bruto
1262 1995 1428 2030 Caesaris
1461 2007 1665 2041 percussore
1688 1995 1726 2028 in

251 2041 337 2075 Asia
370 2041 635 2086 comprehensus
669 2046 706 2074 et
738 2041 830 2075 omni
869 2041 1117 2086 suppliciorum
1150 2052 1279 2086 genere
1319 2041 1534 2075 excruciatus
1575 2040 1725 2075 interiit.

253 2090 426 2132 quotquot
450 2090 563 2120 autem
586 2086 745 2130 Pompeii
775 2086 877 2120 amici
908 2088 952 2121 ab
977 2087 1132 2134 Aegypti
1164 2094 1313 2132 tyranno
1347 2087 1443 2131 capti
1474 2087 1633 2131 fuerant,
1666 2097 1726 2121 eos

253 2143 371 2167 omnes
395 2132 528 2166 Caesar
552 2131 734 2166 beneficiis
758 2132 827 2166 sibi
851 2132 1023 2166 adiunxit.
1289 2168 1294 2172 ,

389 2178 446 2212 Ibi
469 2188 608 2223 quoque
633 2177 760 2212 bellum
784 2178 920 2214 Caesar
943 2178 1074 2223 gessit,
1111 2178 1300 2223 Cleopatra
1323 2188 1367 2211 ex
1391 2177 1535 2221 regione
1559 2177 1644 2211 clam
1669 2188 1729 2211 ar-

252 2223 395 2268 cessita,
419 2234 508 2268 quae
534 2234 555 2256 a
577 2223 724 2257 Pothino
747 2225 905 2258 eunucho
931 2229 968 2258 et
989 2235 1097 2269 regno
1121 2229 1157 2258 et
1178 2224 1266 2257 urbe
1289 2222 1354 2257 iam
1380 2223 1494 2256 eiecta
1519 2227 1606 2260 erat.
1636 2234 1727 2268 quae

252 2281 348 2312 cum,
381 2268 454 2303 solo
477 2269 690 2313 Apollodoro
715 2269 835 2303 Siculo
859 2270 1005 2313 comite,
1037 2281 1147 2314 parva
1170 2269 1294 2313 cymba
1317 2279 1506 2302 conscensa
1530 2268 1574 2302 ad
1595 2269 1726 2313 regiam

253 2315 460 2361 appulisset,
485 2320 529 2348 et'
544 2314 702 2348 involuta
724 2316 895 2360 stragulo,
922 2327 1023 2360 quam
1046 2317 1151 2360 longa
1178 2318 1266 2358 erat,
1290 2317 1327 2348 et
1350 2314 1514 2359 colligata
1537 2315 1582 2348 ab
1607 2314 1726 2348 eodem

252 2373 316 2407 per
338 2361 432 2395 fores
458 2360 500 2395 ad
525 2361 710 2394 Caesarem
736 2362 873 2407 perlata
896 2365 1002 2404 esset,
1031 2366 1101 2396 tum
1126 2361 1219 2395 illius
1245 2360 1429 2394 commenti
1454 2359 1644 2394 sollertiam
1666 2359 1729 2393 ad-

253 2407 414 2450 miratus,
438 2410 512 2440 tum
533 2406 712 2440 suavitate
735 2418 863 2441 morum
887 2411 922 2440 et
946 2407 1065 2452 lepore
1089 2406 1164 2440 eius
1186 2409 1322 2450 captus,
1346 2416 1422 2439 eam
1446 2410 1486 2440 ut
1508 2405 1609 2450 regui
1632 2412 1729 2439 esset

253 2453 432 2498 particeps
456 2463 533 2486 cum
554 2452 666 2486 fratre
688 2452 941 2492 reconciliavit.

394 2498 481 2532 Cum
508 2502 622 2532 autem
648 2497 684 2530 in
707 2498 869 2533 convivio
894 2500 1038 2544 propter
1058 2495 1375 2530 reconciliationem
1400 2507 1475 2530 eam
1497 2495 1661 2530 instituto
1683 2497 1727 2529 ab

254 2543 388 2578 Achilla
422 2544 511 2578 (luce
543 2543 720 2578 exercitus
752 2548 789 2578 et
812 2544 961 2578 Pothino
992 2542 1148 2577 eunucho
1171 2541 1317 2575 insidias
1343 2541 1408 2575 sibi
1431 2541 1549 2587 parari
1573 2541 1724 2575 animad-

255 2590 443 2633 vertisset,
471 2589 657 2624 Pothinum
679 2589 882 2624 interfecit:
918 2589 1067 2623 Achillas
1090 2599 1174 2622 vero
1199 2588 1283 2631 fuga
1308 2588 1446 2632 elapsus
1469 2598 1579 2631 grave
1601 2586 1726 2621 bellum

254 2635 286 2669 ei
309 2635 442 2670 intulit.
491 2647 559 2679 quo
582 2640 738 2680 tempore
763 2646 839 2669 cum
862 2635 995 2669 Caesar
1015 2635 1132 2679 ignem
1155 2633 1258 2667 classi
1279 2633 1471 2676 iniecisset,
1494 2643 1616 2678 magna
1639 2643 1727 2676 quo-

255 2691 323 2725 que
346 2679 404 2714 illa
426 2681 637 2716 bibliotheca
657 2681 902 2726 conflagravit.
941 2680 1120 2714 commisso
1144 2678 1274 2724 praelio
1299 2681 1342 2713 ab
1367 2689 1498 2723 aggere
1516 2678 1558 2712 -in
1581 2678 1727 2712 lembum

253 2725 415 2767 desiluit3
448 2727 510 2761 sed
543 2738 619 2761 cum
651 2727 694 2761 ab
719 2726 906 2772 Aegyptiis
934 2726 1090 2771 *navibus
1123 2725 1278 2770 undique
1308 2724 1533 2770 cingeretur,
1566 2723 1654 2758 mari
1688 2734 1727 2757 se
