1820 3120
266 102 368 148 440
747 81 977 145 IOANNTS
1010 100 1274 146 zoNARAE

263 210 659 271 προεμαντεύσαντο·
698 213 746 256 οὔ
777 214 856 272 γὰρ
889 213 995 258 ἔστιν
1017 212 1128 264 ὅστις
1149 218 1230 258 τῶν
1251 211 1636 269 συνυπατευσᾶντων
1656 214 1742 267 αὖε,

263 286 322 339 τῷ
363 282 411 324 οὐ
449 282 594 335 βιαίως
633 282 827 325 ἀπέθανε.
895 282 998 336 μετὰ
1033 286 1164 325 ταῦτα
1199 282 1276 340 γὰρ
1314 280 1520 342 φαρμάκῳ
1544 281 1735 333 ιδιῶλετοέ

263 349 429 399 Σεϊανὸς
459 347 536 406 γάρ
568 367 629 400 τις
659 350 764 406 μέγα
796 351 991 408 παρὰ,τῷ
1016 351 1193 408 Τιβερίῳ
1217 352 1407 406 δυνηθεὶς
1427 352 1496 393 καὶ
1516 349 1735 409 ὖᾳιέρογκος

260 416 453 473 γεγονώς,
488 418 568 468 πὺξ
595 418 708 477 αὐτῷ
729 435 824 462 ποτε
848 419 1020 469 ἐντείνας
1042 418 1118 460 κάκ
1140 416 1285 462 τούτου
1309 419 1445 469 δείσας
1465 418 1646 464 κᾶιεεῒνον
1664 421 1735 463 ’καὶ

208 496 238 530 C
261 485 332 529 τὸν
360 486 564 543 Τιβέριον,
601 485 688 540 ἅμα
711 489 777 528 καὶ
801 485 1087 543 προσδοκήσας
1109 486 1159 529 ἂν
1181 487 1251 530 τὸν
1273 488 1462 545 Δροῦσον
1485 486 1770 544 κατεργάση-ὁ

259 571 326 596 ται
360 553 459 614 ῥᾷον
487 556 851 612 μεταχειρίσασθαι
881 555 951 598 τὸν
985 555 1189 613 Τιβέριον,
1230 553 1448 614 φάρμακόν
1470 572 1511 598 τι
1533 553 1737 614 αὗτῷῑδιά

259 638 378 664 τινων
400 620 666 678 θεραπόντων
690 623 816 666 αὐτοῦ
838 625 906 665 καὶ
931 623 999 667 διὰ
1021 627 1094 679 τῆς
1117 622 1326 679 γυναικός,
1348 623 1399 680 ἣν
1416 623 1587 667 Ἰουλίαν
1608 624 1739 681 ἕτεροι

261 690 306 732 δὲ
327 692 488 744 Λιβίαν
513 689 738 748 γράφουσι,
782 693 866 746 (καὶ
894 692 972 749 γὰρ
996 692 1198 747 ἐμοίχευεν
1221 691 1365 747 αὐτήν)
1389 691 1548 736 ἔδωκεν.
1602 690 1637 734 “ὃ
1662 692 1737 746 μὲν

260 753 332 801 οὖν
357 757 485 809 οὕτως
508 758 712 811 ἀπώλετο,
756 758 777 802 ὃ
804 760 851 802 δέ
870 777 912 816 γε
939 758 1128 818 Τιβέριος
1151 763 1207 817 εἷς
1228 761 1274 804 τὸ
1299 760 1508 818 συνέδριον
1537 758 1731 818 ἃφικόμε-
1782 766 1784 769 ’

258 843 327 876 νος
350 825 497 869 ἐκεῖνόν
519 845 560 870 τε
585 826 831 885 ἀπωδύρατο
841 861 854 881 ,
891 831 959 871 καὶ
982 829 1052 872 τὸν
1074 829 1248 886 Νέρωνα
1270 827 1339 872 τόν
1362 846 1404 872 τε
1427 828 1620 886 Δροῦσον
1641 829 1735 879 τοὺς
1746 833 1792 869 10

257 898 329 936 τοῦ
353 896 609 952 Γερμανικοῦ
631 899 781 947 παῖδας
806 901 857 954 τῇ
878 899 1068 957 γερουσίᾳ
1093 898 1415 955 παρακατέθετο,
1453 898 1521 939 καὶ
1543 896 1590 940 τὸ
1614 901 1736 951 σῶμα

254 966 330 1004 τοῦ
354 962 547 1020 Δρούσου
571 965 780 1048 προύτέθη
807 966 870 1007 ἐπὶ
892 969 967 1008 τοῦ
986 965 1195 1020 βήματος·
1231 967 1298 1007 καὶ
1329 962 1350 1006 ὅ
1373 963 1519 1020 Νέρων
1547 965 1737 1022 γαμβρὸς

258 1030 386 1073 αὐτοῦ
409 1030 464 1074 ὢν
486 1033 713 1081 ἐπαίνους’
695 1032 761 1073 επ’
792 1033 903 1090 αὐτῷ
926 1031 1045 1075 εἶπεν.
1091 1030 1112 1075 ὅ
1138 1032 1182 1074 δε
1205 1033 1255 1087 δὴ
1279 1030 1463 1082 θάνατος
1485 1031 1610 1076 αὐτοῦ
1633 1037 1734 1086 πολ-

203 1105 235 1139 D
259 1104 344 1149 λοῖς
379 1100 507 1149 αι’τιος
539 1098 726 1142 θανάτου
763 1100 914 1156 ἐγένετο
954 1098 1009 1151 ὥς
1043 1102 1260 1157 ἐφησθεῖσι
1294 1104 1346 1157 τῇ
1380 1100 1560 1161 damma
1595 1100 1734 1144 αὐτοῦ.
1773 1111 1778 1119 ’

255 1168 402 1209 πολλοί
429 1185 471 1210 τε
502 1168 580 1224 γὰρ
615 1170 680 1210 καὶ
715 1167 832 1210 ἄλλοι
868 1167 1060 1212 διώλοντο
1094 1170 1161 1211 καὶ
1194 1167 1219 1223 ἦ
1250 1168 1486 1226 Ἀγριππίνα
1516 1169 1621 1224 μετὰ
1651 1174 1789 1213 τῶν15

254 1237 412 1277 παίδων
436 1235 580 1291 αὐτῆς,
604 1241 677 1278 τοῦ
700 1235 901 1280 νεωτάτου
934 1238 1073 1296 χωρις.
1143 1237 1274 1279 πολλα
1309 1237 1387 1294 γὰρ
1423 1237 1516 1280 κατ’
1551 1237 1678 1293 αῧτῆς
1711 1235 1739 1280 ὃ

255 1303 421 1354 Σεϊανός
451 1302 661 1360 παρώξυνε
693 1305 762 1348 τὸν
789 1306 993 1362 Τιβέριον,
1027 1303 1313 1363 προσδοκήσας
1340 1306 1489 1360 ἐκείνης
1517 1305 1622 1360 μετὰ
1653 1309 1734 1349 τῶν

254 1372 400 1414 τέκνων
434 1372 685 1428 ἀπολομένης
719 1378 770 1429 τῇ
802 1390 845 1416 τε
878 1375 1017 1433 Λιβίᾳ
1050 1372 1300 1428 συνοικήσειν
1339 1378 1390 1431 τῇ
1430 1377 1505 1417 τοῦ
1539 1371 1732 1431 Δρούσου

253 1442 424 1496 γυναικί,
448 1434 496 1495 ἧς
518 1440 614 1498 ἤρα,
638 1442 706 1483 καὶ
730 1441 775 1484 τὸ
800 1440 949 1499 κράτος
972 1443 1085 1494 ἕξειν,
1108 1442 1282 1497 μηδενὸς
1303 1446 1361 1500 τῷ
1383 1443 1560 1500 Τιβερίῳ
1582 1439 1733 1498 τυγχά-

253 1526 393 1558 νοντος
416 1507 634 1563 διαδόχου·
671 1510 741 1552 τὸν
764 1509 842 1567 γὰρ
865 1510 1021 1553 υἱιδοῦν
1045 1511 1171 1564 ε’μίσει
1195 1508 1250 1560 ὥς
1281 1511 1348 1551 καὶ
1380 1511 1594 1564 μοιχίδιον.
1662 1513 1789 1555 naim

255 1575 404 1627 ἄλλους
437 1578 481 1619 δὲ
511 1577 686 1627 πολλοὺς
720 1579 783 1620 ε’πὶ
817 1577 960 1628 ἄλλαις
994 1580 1060 1620 καὶ
1097 1577 1239 1628 ἄλλαις
1275 1578 1443 1629 αἰτίαις,
1483 1585 1573 1628 ταῖς
1611 1578 1657 1621 δέ
1689 1596 1731 1635 γε

345 1696 366 1730 1
399 1692 740 1749 συνυπατευόντωιί
761 1696 804 1729 Α.
989 1696 1012 1731 3
1041 1690 1167 1734 σιανός
1194 1694 1309 1738 ABG,
1342 1690 1501 1734 Σειανὸς
1531 1696 1629 1731 PW:
1661 1696 1729 1731 Dio

346 1737 524 1783 Σηϊαυὸς.
687 1753 737 1787 τω
762 1751 817 1774 om
840 1740 883 1774 A.
1045 1743 1066 1775 5
1092 1737 1170 1783 ἅμα
1192 1738 1257 1774 καὶ
1288 1759 1335 1765 -
1363 1740 1386 1776 6
1414 1737 1586 1786 Τιβέριον
1608 1753 1662 1777 om
1686 1744 1730 1779 A.

345 1785 367 1819 7
394 1783 511 1820 αὐτοῦ
535 1787 601 1820 add
625 1787 669 1820 A.
833 1781 881 1829 ἣν
908 1805 944 1811 -
972 1785 996 1821 8
1018 1752 1255 1865 γράφουσιὲ
1251 1785 1319 1820 Dio
1340 1782 1389 1829 ἤν
1413 1797 1509 1827 τινες
1529 1786 1733 1824 Λιουΐλλαυ

346 1827 605 1886 ὀνομάζουσιν.
751 1832 773 1867 9
796 1798 947 1866 διώλετο
973 1832 1016 1869 A.
1239 1828 1255 1864 ε’
1279 1842 1319 1875 γε
1345 1828 1514 1888 Τιβέριος
1535 1847 1578 1860 -ι-
1601 1846 1639 1880 p.
1662 1833 1730 1869 441

314 1911 318 1915 ,
346 1889 382 1910 v.
403 1880 421 1912 1
440 1875 649 1932 διέφθειρε]
674 1878 794 1911 horum
808 1878 956 1922 plurima
971 1889 1025 1911 om
1042 1877 1162 1911 Dionis
1182 1877 1333 1912 codices.
1427 1878 1470 1912 15
1486 1874 1511 1923 ἢ
1528 1890 1583 1914 om
1600 1881 1628 1914 P
1642 1880 1731 1915 sola.

347 1922 390 1957 17
415 1919 562 1962 σεϊοινὸς
583 1923 625 1968 A,
650 1921 777 1964 σιανὸς
798 1923 839 1965 Β,
862 1919 1022 1963 Σειοινὸς
1042 1924 1133 1958 PW.
1256 1923 1300 1959 19
1323 1919 1504 1968 διαδόχου
1526 1922 1730 1970 τυγχάνον-

344 1979 407 2009 τος
431 1969 504 2006 ΑΒ.
644 1969 688 2004 21
713 1966 756 2003 δὲ
779 1969 877 2015 prius
899 1980 954 2004 om
975 1970 1017 2006 A.

254 2070 436 2104 consulatu
466 2071 600 2116 collega
631 2072 816 2106 violentam
848 2074 993 2106 mortem
1025 2070 1185 2107 evitavit.
1233 2075 1314 2117 post
1336 2071 1427 2106 enim
1451 2082 1586 2106 veneno
1611 2071 1730 2117 periit.

256 2128 334 2150 nam
368 2117 519 2150 Seianus
552 2117 692 2163 quidam
728 2118 826 2151 homo
863 2118 955 2162 apud
991 2117 1174 2152 Tiberium
1208 2121 1335 2163 potens
1373 2122 1409 2152 et
1444 2118 1618 2163 superbus
1654 2129 1729 2155 oum
1768 2149 1771 2150 γ

254 2163 368 2197 Druso
395 2162 575 2207 aliquando
599 2165 733 2209 alapam
758 2163 935 2207 dedisset,
960 2174 1072 2208 eaque
1097 2164 1141 2198 de
1164 2174 1269 2198 causa
1291 2168 1328 2198 et
1352 2163 1463 2218 ipsum
1487 2167 1524 2197 et
1547 2163 1731 2199 Tiberium

255 2212 446 2250 metueret,
483 2208 653 2254 simulque
684 2214 850 2253 speraret
870 2209 981 2243 Druso
1006 2209 1143 2243 sublato
1169 2209 1351 2244 Tiberium
1374 2208 1443 2243 sibi
1467 2208 1575 2263 magis
1592 2221 1730 2254 oppor-

255 2259 375 2288 tunum
399 2254 497 2297 fore,
531 2266 596 2300 per
607 2256 792 2309 quosdam
823 2255 994 2289 ministros
1024 2260 1060 2289 et
1083 2266 1226 2289 uxorem
1249 2255 1325 2290 sive
1347 2255 1469 2289 Iuliam
1494 2254 1571 2289 sive
1594 2255 1730 2294 Liviam

255 2301 350 2343 (nam
385 2300 575 2345 scriptores
606 2301 643 2334 ἰιι
676 2301 812 2335 nomine
844 2301 1004 2345 variant)
1035 2305 1158 2355 stupro
1189 2301 1257 2335 sibi
1291 2300 1465 2355 cognitam
1499 2312 1670 2335 venenum
1694 2299 1728 2335 ei

254 2346 468 2390 propinavit.
517 2347 592 2380 eius
623 2345 676 2380 sic
709 2347 824 2381 necati
862 2350 1005 2381 mortem
1038 2346 1205 2381 Tiberius
1237 2347 1274 2381 in
1306 2346 1404 2381 curia
1437 2346 1654 2391 deploravit,
1691 2350 1728 2381 et

254 2392 433 2425 Neronem
457 2403 499 2425 ac
522 2393 671 2426 Drusum
695 2392 898 2427 Germanici
927 2392 1057 2427 liberos
1088 2392 1225 2427 senatui
1257 2392 1519 2427 commendavit.
1566 2392 1728 2446 Drusum,

255 2437 430 2472 cadavere
454 2438 530 2472 eius
554 2450 617 2484 pro
642 2438 766 2473 rostris
787 2438 969 2493 proposito
989 2439 1086 2472 Nero
1107 2450 1218 2483 gener
1241 2437 1406 2474 laudavit.
1454 2442 1630 2473 caeterum
1653 2437 1727 2472 eius

257 2483 416 2518 interitus
439 2484 557 2518 multis
580 2495 685 2518 causa
710 2484 776 2519 fuit
795 2485 971 2528 interitus,
996 2485 1086 2530 quod
1111 2485 1184 2518 eius
1208 2496 1294 2519 nece
1317 2483 1440 2518 laetati
1464 2496 1543 2518 esse
1559 2483 1727 2518 videren-

255 2536 328 2564 tur.
376 2540 452 2563 nam
479 2534 621 2575 praeter
644 2530 730 2564 alios
758 2531 882 2564 multos
905 2530 1010 2564 etiam
1037 2529 1231 2584 Agrippina
1254 2541 1328 2564 cum
1353 2529 1496 2573 liberis,
1534 2530 1608 2563 filio
1638 2533 1727 2564 natu

262 2574 397 2608 minimo
422 2580 581 2620 excepto,
616 2576 773 2620 interiit,
810 2575 956 2610 Tiberio
987 2580 1110 2610 contra
1138 2576 1250 2620 ipsam
1280 2575 1503 2610 vehementer
1532 2575 1671 2611 irritato
1707 2585 1728 2608 a

263 2620 402 2664 Seiano,
427 2622 486 2666 qui
509 2621 566 2656 issa
589 2634 665 2658 cum
689 2622 810 2656 iiberis
833 2621 973 2656 sublata
995 2633 1092 2667 spem
1113 2621 1268 2666 coniugii
1289 2621 1434 2665 Liviae,
1459 2621 1589 2655 viduae
1611 2620 1729 2664 Drusi,

263 2677 362 2709 quam
393 2667 596 2711 adamabat,
633 2672 668 2702 et
698 2668 836 2714 imperii
864 2668 1000 2711 alebat,
1037 2679 1111 2702 cum
1136 2667 1304 2701 Tiberius
1334 2667 1459 2701 nullum
1492 2677 1728 2702 successorem

262 2711 424 2745 haberet:
462 2725 538 2747 nam
570 2717 728 2758 nepotem
762 2725 805 2748 ex
837 2714 907 2748 filio
939 2717 977 2746 ut
1001 2713 1231 2747 aduuterinum
1256 2713 1388 2747 oderat.
1436 2717 1472 2747 et
1495 2713 1582 2747 alios
1604 2707 1728 2746 multos

263 2757 338 2790 aliis
365 2763 469 2804 atque
493 2759 571 2793 aliis
596 2760 638 2794 de
660 2759 786 2806 causis,
811 2760 874 2794 sed
898 2759 1073 2805 plerisque
1097 2758 1269 2803 confictis,
1293 2759 1348 2793 vel
1372 2759 1409 2792 in
1433 2758 1589 2794 exsilium
1613 2757 1727 2793 mitte-
