1820 3120
251 128 350 173 626
731 127 960 174 10ANN13
994 92 1256 174 zoninum

250 242 305 285 ἑνὶ
340 242 410 284 τὸν
442 246 514 294 τῆς
547 240 847 297 ἀρχιερωσύνης
876 241 1030 299 θρόνον
1066 242 1329 298 κοσμήσαντα
1355 241 1622 300 ,Ἀλέξανδρος
1654 243 1728 299 ’τὴν

248 309 549 366 ἀρχιερωσύνην
572 309 750 364 ἔσχηκεν.
818 313 860 352 ἓν
892 312 936 354 δὲ
963 310 1099 368 Ῥώμῃ
1123 311 1226 366 μετὰ
1250 313 1495 368 Σίλβεστρον
1525 311 1592 355 ἐπ’
1622 311 1728 356 ἔτεσι

248 376 602 433 λελειτουργηκότα
638 379 760 421 εἷ’κοσι
792 381 858 421 καὶ
892 379 993 423 tima*
1026 379 1193 431 Ἰούλιος
1223 381 1399 437 προέστη
1422 383 1495 435 τῆς
1517 381 1729 438 ἐκκλησίας

245 445 314 501 ἴτη
334 448 627 488 πεντεκαίδεκα.
664 447 768 500 μεθ’
793 447 838 489 ὃν
855 449 1057 506 Λιβέριος
1075 449 1189 492 ἕκτον
1210 448 1353 503 ἤνυσεν
1376 442 1570 500 ἐνιαυτόν,
1593 442 1727 492 κάκεῖ-

247 531 314 556 νον
349 515 551 565 διεδέξατο
586 513 810 568 Δάμασος,
857 516 962 559 ὀκτὼ
1004 519 1070 559 καὶ
1103 517 1251 560 εἷ’κοσιν
1283 516 1491 568 ἐνιαυτοὺς
1523 515 1759 571 ποιμάναςὸ

194 595 223 628 D
249 583 344 633 τοὺς
374 582 564 634 πιστούς,
604 585 671 624 καὶ
704 589 846 626 τοῦτον
870 586 1069 642 Σιρίκιος,
1106 585 1173 640 ἔτη
1198 584 1484 642 λειτουργήσας
1507 586 1727 636 ἑξκαίδεκα.

244 649 329 693 εἶτα
352 653 649 707 προκεχείριστο
672 652 944 704 Ἰννοκέντιος,
982 655 1024 695 ἓν
1051 656 1329 697 πεντεκαίδεκα
1347 655 1542 704 ἐνιαυτοῖς
1559 652 1730 705 διδάξας

241 719 311 762 τὸν
329 724 402 761 τοῦ
418 721 558 772 κυρίου
578 718 689 762 λαόν.
726 722 793 773 καὶ
811 720 1004 775 Ζώσιμος
1022 727 1078 780 τῷ
1097 721 1237 780 θρόνῳ
1261 727 1333 778 τῆς
1350 720 1560 776 Ῥωμαίων
1581 722 1728 777 ἔκκλη-

243 789 335 837 σιάς
371 789 574 842 ε’νίδρυτο,
626 787 828 839 θανόντος
864 790 1130 833 Ἰννοκεντιόυ.
1200 791 1246 833 ὃν
1287 791 1513 834 δωδέκατον
1550 789 1727 845 ἠνυκότα

242 856 423 898 ἐνιαυτὸν
448 858 686 907 Κελεστΐνος
710 859 941 911 διεδέξατο,
978 860 1046 901 ἐπ’
1074 859 1141 915 ἔτη
1165 864 1216 916 τῇ
1239 857 1517 916 ἄρχιερωσύνῃ
1541 859 1639 901 δέκα
1661 860 1725 902 ἓν·
1738 852 1789 902 1'0'

243 924 488 979 διαπρέψας.
557 924 687 983 τούτῳ
724 924 889 977 Ξύστος
923 927 1114 982 διάδοχος
1145 930 1323 984 γέγονεν,
1366 927 1510 983 ὄγδοον
1545 926 1728 970 ἐνιαυτὸν

37 998 85 1031 W
101 996 136 1031 Π
151 997 221 1033 248
247 993 475 1049 διαρκέσας.
546 991 630 1035 εἶτα
652 995 779 1036 Λέων
803 995 1051 1051 ἇντεισήχθη
1064 1029 1077 1048 ,
1112 994 1193 1039 τῶν
1216 997 1356 1052 ὀρθῶν
1380 995 1593 1052 δογμάτων
1614 995 1727 1038 ἀντι-

240 1060 512 1116 ποιησάμενος
545 1062 611 1104 ἐπ’
648 1062 775 1105 ἔτεσιν
799 1064 922 1107 εἴκοσι
945 1065 1048 1122 πρὸς
1070 1071 1154 1115 τοῖς
1178 1066 1384 1120 τέσσαρσι.
1449 1066 1517 1107 καὶ
1542 1062 1726 1122 ἐκλιπόν-

240 1146 310 1179 τος
339 1135 412 1172 τοῦ
434 1131 620 1181 Λέοντος
647 1130 831 1188 Ἱλαρίων
864 1136 920 1183 εἷς
951 1133 1022 1176 τὸν
1053 1132 1206 1190 θρόνον
1241 1133 1486 1190 ἆνθίδρυτο,
1523 1133 1726 1176 ἓκτονὲκ-

239 1196 398 1253 πλήσας
422 1198 615 1241 ε’νιαυτόν.
675 1200 775 1242 ἀνθ’
805 1195 928 1257 οὗπερ
954 1204 1194 1254 Σιμπλίκιος
1215 1200 1537 1256 κεχειροτόνητο,
1570 1200 1636 1240 καὶ
1661 1199 1723 1240 ἐπὶ
1736 1212 1780 1246 15

239 1266 590 1308 ἐννεακαιδέκατον
623 1265 711 1315 ἔτος
743 1267 788 1309 τὸ
822 1271 895 1321 τῆς
924 1271 1190 1321 ποιμαντικῆς
1222 1268 1290 1309 καὶ
1315 1261 1433 1317 οὗτος
1455 1264 1726 1324 λειτούργημα

56 1343 83 1377 Ρ
109 1344 126 1376 1
149 1342 218 1380 647
243 1332 437 1384 διανύσας
459 1336 610 1385 ἐξέλιπε
618 1367 630 1385 ,
667 1336 734 1376 καὶ
759 1335 991 1390 ἀντεισῆκτο
1020 1338 1165 1390 Φῆλιξ.
1221 1333 1372 1393 ε’ννάτῳ
1397 1335 1440 1377 δ’
1467 1336 1725 1395 ἓνιαυτῷκαὶ

240 1397 355 1453 οὗτος
381 1403 620 1452 ἐκλελοιπὼς
643 1405 684 1444 Γ
681 1406 827 1461 ελασίῳ
860 1404 934 1458 τὴν
967 1404 1088 1458 τιμὴν
1120 1405 1403 1456 καταλέλοιπε,
1438 1404 1562 1447 πέντε
1576 1402 1727 1459 ταύτης

237 1471 515 1514 ἀπολαύσαντι
540 1471 620 1526 ἔτη.
679 1472 783 1525 μεθ’
811 1472 856 1513 ὃν
875 1471 1138 1523 Ἀναστάσιος
1161 1474 1337 1528 ἓπελέγη.
1404 1473 1512 1525 μετὰ
1533 1472 1725 1530 τέταρτον

237 1540 372 1582 δὲκαὶ
397 1534 515 1590 οὗτος
539 1540 721 1583 ἐνιαυτὸν
752 1538 831 1583 ὑπὸ
859 1539 1089 1595 Συμμάχου
1122 1542 1328 1596 διεδέχθη.
1398 1535 1447 1582 οὗ
1479 1542 1781 1588 δυοκαίδεκα2ο

235 1608 443 1658 ἐνιαυτοὺς
475 1610 536 1650 ἐπὶ
572 1614 635 1665 τῇ·
658 1608 935 1666 ἀρχιερωσύνῃ
970 1608 1231 1665 διαγαγόντος
1257 1607 1485 1667 Ὁρμίσδας
1516 1610 1722 1660 ἐξείλεκτο.
1783 1606 1786 1608 v

238 1675 393 1735 δεκάτῳ
430 1677 474 1719 δὲ
505 1679 572 1719 καὶ
608 1671 725 1728 οὗτος
751 1679 923 1735 ἐνιαυτῷ
944 1678 989 1720 τὸ
1014 1677 1286 1736 λειτούργημα
1310 1675 1507 1728 διανύσας
1529 1678 1721 1722 κατέλυσε

329 1808 351 1840 5
377 1804 565 1850 δοίμασσος
587 1806 629 1840 Α.
772 1805 793 1841 7
819 1804 1024 1848 ἰνοκέντιος
1056 1812 1092 1843 et
1126 1819 1206 1842 mox
1240 1804 1446 1843 ἰνοκεντίου
1478 1806 1553 1844 Ac,
1598 1803 1722 1854 “Reg.

330 1848 567 1893 Ινοκέντιος”
590 1853 826 1886 Decimius.
966 1855 1006 1888 ll
1033 1851 1169 1888 τούτου
1193 1854 1237 1888 Α.
1377 1851 1577 1894 ὃιαρκὲσας
1597 1848 1722 1888 ἔνιαι·ο

325 1897 393 1933 τόν
418 1900 460 1933 Α.
602 1901 646 1934 15
670 1895 784 1943 ἄνθ’]
809 1895 880 1943 (ἐφ’
905 1898 947 1933 Β.
1057 1896 1181 1945 “Reg.
1207 1895 1460 1944 Συμπλίκιος”
1482 1899 1720 1934 Dquncws.

327 1945 380 1979 sic
407 1945 510 1979 etiam
534 1945 579 1980 B.
729 1945 772 1980 16
796 1942 976 1985 διανύσας
998 1944 1240 1991 λειτούργημα
1263 1946 1307 1983 Α.
1457 1946 1500 1981 21
1527 1942 1721 1986 ἐνιαυτοὺς

326 1996 408 2036 post
433 1988 676 2035 διαγαγόντος
699 1990 773 2029 ΑΒ.

235 2103 323 2137 ciam
349 2104 466 2137 sedem
491 2114 554 2149 per
578 2114 686 2136 annos
708 2102 868 2137 undecim
892 2108 1046 2148 ornarat,
1074 2103 1276 2139 Alexander
1296 2104 1539 2150 pontificatum
1556 2104 1719 2139 obtinuit.

232 2149 362 2184 Romae
387 2150 576 2193 Sylvestro
613 2161 676 2194 per
714 2160 822 2183 annos
854 2149 899 2182 28
934 2151 1138 2195 episcopatu
1170 2151 1291 2185 functo
1325 2151 1434 2184 Iulius
1468 2149 1636 2185 ecclesiae
1675 2150 1719 2184 15

233 2196 333 2229 annis
361 2197 526 2241 praefuit.
573 2202 654 2239 post
678 2206 778 2238 quem
803 2195 970 2229 Liberius
995 2203 1131 2230 sextum
1156 2196 1310 2231 absolvit
1332 2207 1481 2230 annum:
1512 2195 1620 2241 ‚eique
1642 2207 1724 2230 suc-

233 2242 337 2275 cessit
361 2242 544 2284 Damasus,
570 2242 630 2286 qui
655 2241 700 2274 28
725 2252 832 2274 annos
855 2241 976 2275 fideles
1002 2242 1114 2286 pavit.
1162 2243 1255 2277 hunc
1279 2242 1428 2277 Siricius
1454 2246 1595 2276 secutus
1620 2242 1721 2276 annis

234 2288 277 2323 16
302 2287 528 2321 ministerium
552 2287 653 2321 obiit.
677 2287 804 2320 deinde
829 2288 1054 2322 Innocentius
1080 2292 1136 2322 est
1160 2288 1304 2332 electus,
1331 2288 1391 2333 qui
1409 2288 1572 2333 populum
1593 2288 1720 2322 domini

231 2345 297 2378 per
321 2344 428 2367 annos
457 2335 500 2367 15
525 2333 667 2367 erudiit.
717 2345 785 2378 quo
819 2340 955 2367 mortuo
981 2334 1142 2368 Zosimus
1177 2335 1212 2368 in
1237 2334 1404 2368 ecclesiae
1427 2334 1607 2368 Romanae
1630 2333 1717 2368 solio

231 2384 286 2412 est
318 2381 522 2414 collocatus.
571 2379 629 2412 cui
664 2379 865 2412 duodecimo
900 2391 991 2412 anno
1028 2384 1152 2413 exacto
1187 2380 1354 2414 successit
1378 2379 1626 2424 coelestinus,
1658 2379 1719 2425 qui

231 2425 329 2458 annis
355 2426 474 2458 decem
499 2426 536 2459 in
564 2425 768 2470 pontificatu
794 2425 933 2458 claruit.
982 2426 1083 2459 huius
1108 2437 1290 2460 successor
1312 2425 1380 2460 fuit
1407 2425 1565 2471 Xystus,
1602 2425 1661 2471 qui
1695 2425 1719 2460 8

232 2481 340 2504 annos
364 2471 519 2504 duravit.
547 2470 672 2504 deinde
702 2471 772 2504 Leo
797 2471 834 2504 in
859 2471 932 2505 eius
957 2470 1067 2506 locum
1091 2472 1261 2506 suffectus
1286 2475 1352 2516 est,
1377 2471 1572 2517 quiveram
1589 2470 1720 2505 doctri-

233 2527 309 2550 nam
333 2527 398 2562 per
420 2528 530 2550 annos
554 2518 599 2550 24
625 2517 798 2550 defendit.
846 2517 963 2550 Leone
991 2518 1173 2561 defuncto,
1198 2517 1333 2551 Hilario
1358 2517 1395 2550 in
1419 2518 1502 2552 sede
1526 2517 1717 2552 collocatus

234 2566 307 2595 est:
343 2562 404 2606 qui
435 2574 499 2596 sex
533 2563 632 2596 annis
665 2562 813 2608 expletis
844 2563 1009 2597 electioni
1033 2563 1203 2609 Simplicii
1226 2563 1336 2597 locum
1359 2564 1462 2606 fecit3
1497 2563 1558 2609 qui
1581 2567 1618 2597 et
1639 2563 1717 2608 ipse

232 2618 322 2642 anno
350 2608 393 2642 19
419 2609 602 2642 ministerii
626 2609 789 2645 decessit.
838 2609 874 2642 in
905 2609 980 2643 eius
1015 2609 1123 2643 locum
1158 2609 1379 2643 introductus
1415 2615 1469 2644 est
1500 2608 1625 2644 Felix:
1657 2608 1719 2653 qui

234 2663 325 2686 nono
354 2665 443 2687 anno
468 2655 652 2688 defunctus
679 2654 823 2688 Gelasio
850 2654 1016 2689 honorem
1043 2655 1187 2700 reliquit
1214 2666 1279 2700 per
1302 2654 1572 2701 quinquennium
1596 2654 1719 2689 fruen-

232 2699 322 2734 dum.
370 2707 447 2743 post
473 2712 549 2734 eum
575 2702 780 2734 Anastasius
807 2706 862 2734 est
886 2702 1038 2735 electus:
1066 2702 1124 2746 qui
1150 2711 1239 2734 anno
1264 2706 1388 2745 quarto
1413 2702 1532 2745 elapso
1556 2700 1716 2744 Symma-

232 2744 332 2779 chum
348 2755 582 2780 successorem
600 2747 740 2780 habuit:
767 2746 827 2791 qui
852 2757 927 2780 cum
953 2758 1061 2781 annos
1086 2746 1266 2780 duodecim
1291 2747 1328 2780 in
1345 2747 1554 2792 pontificatu
1574 2746 1718 2790 exegis-

231 2794 296 2834 set,
323 2789 525 2827 Hormisdas
551 2799 605 2827 est
629 2794 773 2827 electus.
812 2793 873 2828 sed
899 2793 954 2827 hic
978 2803 1117 2838 quoque
1143 2792 1275 2840 decimo
1300 2804 1391 2828 anno
1414 2791 1602 2828 ministerii
1624 2802 1718 2826 mor-

1181 2842 1192 2860 d

1788 2961 1820 3120 'mid-2252.
