1794 3120
243 111 307 157 84
713 109 936 183 IOANNJS
959 110 1217 156 ZONARAE

379 220 500 266 Οὕτω
520 221 561 266 δ’
588 221 749 279 ἔχοντας
770 222 876 282 ὁρῶν
897 225 991 276 τοὺς
1013 222 1201 275 Γαλάτας
1223 222 1244 267 ὅ
1266 219 1487 278 Κάμιλλος,
1521 222 1690 269 hel-xa}

242 292 314 347 τὴν
331 294 409 343 τῶν
418 290 640 348 Ἀρδεατῶν
655 292 852 348 ἐληίζοντο
865 292 1017 351 χώραν,
1036 292 1185 342 αὐτοὺς
1194 292 1239 334 δὲ
1250 291 1345 341 τοὺς
1354 289 1571 349 Ἀρδεάτας
1584 290 1690 348 πλή-

241 364 308 402 θει
325 359 398 414 μὲν
412 359 572 410 ἱκανοὺς
582 359 706 411 ὄντας
721 360 871 417 τόλμης
889 363 933 404 δὲ
950 361 1159 416 δεομένους
1173 362 1198 402 δ
1201 361 1233 401 ι’
1255 360 1434 416 ἀπειρίαν
1450 360 1575 402 καὶτὸ
1587 358 1690 416 πρὸς

238 426 374 482 μάχας
389 425 610 483 ἀνάσκητον
618 459 632 480 ,
666 427 784 485 λόγον
802 430 903 486 πρὸς
918 430 1011 480 τοὺς
1029 429 1241 484 νεωτέρους
1258 428 1440 481 ἐνέβαλεν
1458 425 1514 478 ὥς
1526 427 1604 476 ,οὐκ
1616 427 1690 470 ἆν-

239 496 333 555 δρίᾳ
361 499 439 538 τῶν
465 494 686 554 βαρβάρων
711 498 786 552 τὴν
809 497 1026 554 εὐπραγίαν
1054 496 1186 539 αὐτῶν
1203 494 1498 553 ἐπιγράφεσθαι
1515 494 1721 538 &ficii-2³5

238 562 381 622 ἀτυχίᾳ
393 561 613 618 Ῥωμαίων,
631 566 697 606 καὶ
715 566 749 606 εἲ
764 569 1039 621 προθυμοῖντο
1057 566 1123 606 καὶ
1143 568 1366 620 θαρροῦσιν
1383 563 1509 615 αὗτοί,
1525 561 1691 606 ἀκινδύ-

182 637 219 672 D
242 647 319 681 νως
334 629 504 686 νικήσειν
522 633 615 683 τοὺς
632 633 843 686 πολεμίους
861 634 1134 688 διισχυρίζετο.
1178 630 1282 674 οὕτω
1303 632 1441 682 πείσας
1456 630 1551 682 τοῦς
1564 631 1690 683 νέους,

240 697 323 741 εἶτα
351 701 422 741 καὶ
443 695 536 749 τοὺς
553 698 740 751 λοιπούς,
765 699 911 743 ὥπλισε
928 700 1022 750 τοὺς
1039 702 1080 742 ἓν
1098 698 1229 759 ἡλικίᾳ
1239 731 1252 751 ,
1277 700 1344 741 καὶ
1362 698 1504 749 νυκτὸς
1517 699 1692 752 βαθείας

236 765 458 820 μεθύουσιν
476 767 597 818 αὐτὸς
605 767 707 821 μετὰ
726 767 1031 824 τῶνἈρὸεατῶν
1043 765 1592 825 τοῖ’ςβαρβάροιςπροσέμιξε.
1623 766 1692 808 καὶ

196 842 201 884 j
235 835 330 884 τοὺς
352 835 534 884 πλείονας
555 836 638 877 ἐκεῖ
655 835 896 889 κατέκοψεν,
931 838 966 878 εἲ
989 836 1036 878 δέ
1054 852 1155 885 τινες
1176 837 1242 877 καὶ
1259 841 1406 892 φυγεῖν
1425 832 1690 890 ἠδυνήθησαν
1699 842 1745 880 10

237 902 278 943 ἐν
307 906 366 958 τῷ
397 900 553 953 σκότει,
596 902 698 956 μεθ’
721 901 878 958 ’ἡμέραν
902 903 1136 960 διέφθειρον
1156 903 1308 954 αὐτοὺς
1329 903 1458 953 ἱππεῖς
1474 906 1690 958 καταλαμ-

235 966 438 1022 βάνοντες.
1007 984 1009 986 ·

372 1061 460 1111 Τῆς
484 1057 528 1099 δὲ
551 1055 690 1115 φήμης
720 1059 822 1114 ταχῦ
845 1056 1074 1117 κηρυξάσης
1102 1056 1337 1115 ἇπανταχοῦ
1356 1059 1403 1103 ’τὸ
1426 1057 1690 1118 κατόρθωμα,

235 1123 323 1167 ὅσοι
354 1129 434 1166 τῶν
448 1123 657 1180 Ῥωμαίων
689 1125 880 1184 φυγόντες
913 1128 955 1170 ἐκ
986 1132 1058 1183 τῆς
1081 1127 1242 1184 πρώτης
1262 1127 1364 1185 πρὸς
1387 1128 1481 1178 τούς
1501 1127 1691 1179 Γαλάτας

234 1191 369 1246 μάχης
390 1191 580 1244 ἐσώζοντο
589 1226 603 1245 ,
636 1194 688 1237 τᾶ
712 1194 817 1237 ὅπλα
839 1193 1030 1249 λαβόντες
1051 1195 1230 1253 ἀπῄεσαν
1251 1196 1352 1252 πρὸς
1373 1195 1441 1238 τὸν
1463 1191 1688 1251 Κάμιλλον,
1700 1199 1757 1241 15.

236 1261 430 1314 δέχεσθαι
453 1260 631 1316 δεόμενοι
651 1262 724 1317 τὴν
747 1262 875 1318 ἀρχὴν
894 1263 1039 1305 αῧτῶν.
1085 1261 1106 1304 ὃ
1128 1264 1169 1304 δ’
1196 1263 1269 1307 οὐκ
1286 1263 1363 1320 ἔφη
1377 1258 1692 1319 πεισθήσεσθαι,
1723 1270 1725 1276 ”

235 1327 294 1382 μὴ
312 1326 504 1384 πρότερον
529 1334 609 1372 τῶν
626 1330 668 1372 ἓν
685 1334 744 1388 τῷ
761 1331 1004 1389 Καπιτωλίῳ
1022 1331 1254 1385 σωζομένων
1269 1332 1564 1388 ψηφισαμένων
1581 1332 1692 1391 αὐτῷ

236 1395 309 1450 τὴν
330 1395 482 1453 ἀρχήν.
548 1393 598 1452 ἦν
632 1398 675 1440 δὲ
707 1398 855 1455 ἀπορία
888 1399 1119 1441 τοῦ’ταῢτα
1143 1401 1442 1455 διαγγελοῦντος
1463 1405 1546 1449 τοῖς
1567 1401 1624 1450 εἲς
1644 1399 1692 1442 τὸ

54 1470 82 1503 Ρ
106 1469 125 1504 I
146 1468 214 1507 357
241 1463 508 1507 Καπιτώλιον.
556 1463 613 1515 εἷς
635 1465 682 1508 δέ
701 1483 761 1516 τις
782 1471 861 1508 τῶν
884 1467 981 1509 νέων
1006 1467 1199 1521 Κομίνιος
1219 1465 1407 1518 Πόντιος,
1438 1465 1559 1523 δόξης
1575 1469 1691 1524 ε’ρῶν,

236 1529 385 1587 §agorn
417 1533 486 1575 τ’ὸν
520 1526 676 1585 ἆθλον,
722 1535 789 1576 καὶ
817 1524 962 1577 λαθὼν
993 1533 1061 1576 διὰ
1082 1535 1216 1589 μέσων
1238 1535 1350 1590 ’διέβη
1374 1532 1746 1590 τῶν’πολεμίων,ξ20

238 1601 306 1642 καὶ
329 1603 386 1660 τῷ
408 1598 523 1660 λόφῳ
545 1605 616 1645 τοῦ
644 1602 902 1646 Καπιτωλίου
925 1600 1206 1660 προσπελάσας
1227 1600 1294 1645 καὶ
1309 1606 1497 1658 χαλεπῶς
1518 1601 1697 1662 ἀνερπῦ-’

330 1730 354 1765 3
377 1726 420 1763 δὲ
443 1742 495 1766 om
518 1730 562 1766 A.
675 1731 699 1767 4
721 1728 830 1776 λόγον
851 1731 912 1767 ΑΒ
934 1731 1153 1774 Plutarchus,
1176 1728 1305 1776 λόγους
1328 1732 1415 1768 PW.
1507 1735 1530 1768 5
1551 1730 1691 1781 ἀνδρίᾳ

328 1775 359 1809 Β
381 1775 597 1820 Plutarchus,
619 1773 775 1822 ἀνδρείᾳ
796 1778 886 1812 PW.
994 1779 1036 1812 11
1060 1774 1183 1816 ἷππεῖς
1203 1773 1339 1816 αὐτοὺς
1361 1777 1433 1813 ΑΒ.
1531 1779 1576 1814 14
1597 1777 1691 1823 πρὸς

257 1843 260 1845 >
330 1831 387 1854 om
408 1822 449 1857 Β.
631 1823 676 1858 16
698 1821 717 1858 ὁ
745 1819 788 1856 δ’
808 1819 877 1858 οὐκ
903 1819 995 1867 ἔφη]
1020 1823 1193 1857 Plutarchi
1217 1824 1324 1856 verba
1347 1826 1446 1865 sunt,
1475 1835 1542 1858 non
1567 1825 1688 1858 Dionis

237 1871 240 1880 “
259 1880 261 1883 ·
329 1865 436 1908 (Exc,
459 1866 612 1902 Peiresc.
635 1869 710 1914 30).
883 1869 927 1902 18
948 1871 1026 1907 τοῖς
1048 1864 1087 1901 ἐν
1109 1868 1161 1911 τῷ
1183 1867 1386 1910 καπιτωλίῳ
1409 1868 1458 1905 A:
1483 1869 1689 1904 Plutarchus

280 1926 281 1929 =
331 1907 385 1948 εἰς
405 1906 447 1943 τὸ
470 1909 715 1949 Καπιτώλιον.
862 1912 906 1948 19
930 1913 1105 1958 Κομίνιος
1124 1913 1184 1948 ΑΒ
1208 1913 1426 1959 Plutarchus,
1447 1911 1619 1960 κομόνιος
1643 1916 1686 1958 C,

330 1951 518 2000 Κομήνιος
535 1957 623 1994 PW.

378 2069 544 2104 Camillus
580 2070 639 2105 ubi
671 2071 790 2107 Gallos
818 2073 870 2107 sic
903 2072 1047 2108 affectos
1079 2073 1171 2108 vidit
1197 2073 1304 2116 (nam
1334 2071 1519 2107 Ardeatem
1549 2083 1686 2118 quoque

243 2122 363 2156 agrum
392 2114 641 2160 infestabant),
675 2129 750 2151 cum
776 2118 974 2153 Ardeatium
1004 2119 1100 2152 iusta
1127 2118 1305 2152 multitudo
1335 2123 1428 2152 esset
1452 2119 1513 2153 sed
1536 2119 1582 2153 ob
1603 2118 1688 2153 belli

240 2158 386 2211 gerendi
404 2159 608 2205 imperitiam
631 2173 698 2196 non
724 2164 811 2198 satis
836 2164 998 2198 audaciae
1017 2164 1175 2206 haberet,
1211 2163 1303 2208 apud
1319 2163 1473 2198 iuniores
1493 2174 1688 2198 sennonem

240 2202 384 2247 iniecit,
407 2216 586 2240 successus
607 2207 683 2241 illos
706 2220 774 2243 non
795 2210 990 2244 fortitudini
1010 2210 1235 2243 barbarorum
1258 2209 1319 2242 sed
1342 2208 1690 2243 infelicitati-Roma-

241 2258 362 2283 norum
384 2260 461 2285 esse
482 2252 738 2291 adscribendos.
786 2255 878 2300 quod
909 2255 939 2289 si
959 2259 1131 2289 strenuam
1156 2265 1294 2298 operam
1313 2253 1535 2299 imperterriti
1556 2265 1688 2289 navare

240 2294 390 2340 vellent,
418 2297 520 2331 'citra
554 2298 738 2343 periculum
772 2300 889 2334 hostes
919 2303 1139 2346 superaturos
1172 2298 1371 2335 affirmavit.
1426 2300 1479 2333 sic
1508 2299 1687 2345 persuasis

242 2338 532 2384 adolescentibus,
554 2354 633 2377 mox
653 2345 757 2378 etiam
785 2346 942 2390 caeteris,
966 2349 1082 2380 aetate
1105 2345 1271 2378 florentes
1293 2347 1424 2385 armat3
1457 2348 1494 2379 et
1516 2345 1687 2390 profunda

242 2389 345 2419 nocte
368 2388 536 2423 barbaros
556 2400 752 2433 aggressus,
775 2393 961 2437 plerosque
981 2391 1054 2424 illic
1074 2389 1211 2424 cecidit.
1256 2389 1288 2423 si
1304 2390 1365 2434 qui
1379 2401 1465 2425 vero
1482 2390 1517 2424 in
1533 2390 1686 2426 tenebris

241 2430 450 2476 effugerunt,
473 2444 533 2467 eos
554 2434 707 2469 interdiu
731 2437 865 2481 equites
888 2435 1148 2482 comprehensos
1172 2434 1383 2469 occiderunt.
1648 2455 1651 2459 >

378 2478 464 2513 Eam
487 2479 666 2514 victoriam
691 2492 765 2515 cum
787 2483 878 2517 fama
899 2481 1057 2516 celeriter
1078 2481 1205 2526 passim
1228 2481 1420 2525 vulgasset,
1455 2480 1602 2515 Romani
1623 2479 1687 2526 qui

241 2531 286 2555 ex
307 2522 419 2567 prima
441 2535 556 2569 pugna
578 2526 716 2560 Gallica
738 2532 921 2562 evaserant
943 2527 1084 2572 sumptis
1107 2526 1211 2560 armis
1233 2526 1279 2559 ad
1303 2527 1483 2560 Camillum
1503 2537 1542 2560 se
1565 2532 1688 2560 contu-

239 2565 375 2611 lerunt,
410 2574 566 2613 petentes
598 2574 637 2604 ut
668 2571 845 2616 imperium
876 2573 909 2607 in
944 2584 982 2607 se
1009 2583 1171 2606 exercere
1194 2571 1311 2607 vellet.
1356 2571 1392 2604 id
1414 2572 1474 2605 ille
1496 2572 1686 2615 recusavit,

239 2612 438 2658 priusquam
469 2617 514 2650 ab
541 2615 582 2650 iis
605 2616 664 2661 qui
693 2617 730 2650 in
756 2619 933 2662 Capitolio
960 2617 1144 2652 incolumes
1166 2620 1283 2650 essent
1305 2617 1562 2650 decerneretur.
1609 2628 1684 2651 cum

238 2667 336 2691 nemo
368 2663 462 2694 esset
490 2661 551 2706 qui
580 2661 616 2696 id
644 2662 682 2695 in
714 2663 919 2708 Capitolium
944 2663 1136 2704 nuntiaret,
1164 2662 1299 2707 quidam
1323 2662 1520 2696 adolescens
1542 2662 1684 2696 Pontius

240 2701 417 2738 Cominius
447 2707 577 2750 gloriae
607 2707 796 2752 cupiditate
826 2709 863 2744 id
895 2708 1079 2743 discrimen
1107 2707 1214 2750 adiit,
1246 2718 1377 2753 perque
1407 2708 1537 2742 medios
1567 2708 1684 2741 hostes

236 2746 324 2783 clam
355 2750 401 2785 ad
427 2753 591 2789 tumulum
620 2753 850 2800 Capitolinum
881 2754 1011 2797 evasit,
1042 2758 1079 2789 et
1109 2764 1184 2788 cum
1207 2764 1313 2798 aegre
1335 2763 1425 2789 nunc
1447 2763 1576 2798 pronus
1595 2763 1686 2787 nunc
