1820 3120
236 101 257 143 1
267 100 330 146 82
704 101 933 146 IOANNIS
967 104 1226 148 ZONARAE

366 215 434 255 23.
506 217 649 256 Ταῦτα
671 220 728 274 τῷ
751 218 824 270 μὲν
843 217 1001 277 Ἀννίβᾳ
1021 217 1202 274 χρηστὴν
1224 218 1390 271 ἐλπίδα,-
1425 227 1510 273 τοῖς
1524 223 1578 265 δὲ
1593 221 1694 267 Ῥω-

227 283 362 336 μαίοις
386 282 517 336 δεινὴν
541 284 702 326 ἐνεποίει
725 283 959 343 ἐκφόβησιν.
1029 289 1121 341 διχῆ
1145 286 1189 328 δὲ
1211 287 1286 336 τὰς
1309 285 1567 343 δυνάμεις-,οἶ
1593 289 1695 335 Ῥω-

229 357 343 403 μαῖοι
376 350 569 402 διελόντες
598 354 664 395 καὶ
698 354 793 404 τοὺς
821 353 1023 405 ὑπάτους,
1059 353 1321 412 Σεμπρώνιον
1353 356 1426 408 μὲν
1456 356 1626 415 Λόγγον
1658 361 1698 410 ἐς

230 419 413 461 Σικελίαν
436 418 634 475 ἔπεμψαν,
664 422 706 472 ἐς
728 423 773 464 δὲ
795 422 867 478 τὴν
886 423 1063 480 Ἰβηρίαν
1086 425 1293 466 Σκιπίωνα
1313 423 1540 475 Πούπλιον.
1567 425 1700 471 νᾶδέ

224 489 405 540 Ἀννίβας
430 490 484 538 εἰς
506 490 580 543 τὴν
597 490 770 533 Ἰταλίαν
793 489 849 540 ὥς
871 490 1043 545 τάχιστα
1068 493 1280 546 ἐπιθυμῶν
1306 494 1517 546 εἰσβαλεῖν,
1541 498 1731 554 σωυὸῇὸ

180 567 206 600 Β
232 554 371 613 ἐχώρει
377 588 393 614 ,
429 559 496 599 καὶ
519 562 654 600 πᾶσαν
676 559 749 613 τὴν
770 560 977 602 Γαλατίαν
999 559 1071 614 τὴν
1093 560 1245 614 μεταξὺ
1271 564 1345 602 τοῦ
1366 564 1606 619 Πυρηναίου
1631 567 1701 606 καὶ

229 627 302 665 τοῦ
318 614 512 668 Ῥοδανοῦ
546 621 672 669 οὖσαν
697 626 843 681 ἀμαχεὶ
867 629 1027 682 διῆλθε.
1096 629 1163 670 καὶ
1187 623 1406 685 μέχριμέν
1422 619 1494 674 τοῢ
1517 637 1705 690 ποταμοῦ

229 683 300 735 τοῦ
330 689 525 736 Ῥοδανοῦ
558 695 689 744 οὐδεὶς
723 697 778 744 εἷς
802 701 943 752 χεῖρας
974 690 1069 751 ἧκεν
1104 697 1238 754 αὐτῷ,
1273 699 1359 745 ,ἐκεῖ
1386 695 1429 740 δ’
1466 695 1501 742 ὅ
1522 698 1701 742 Σκιπίων

229 759 431 819 ἐπεφάνη,
466 763 606 820 καίπερ
629 763 687 817 μὴ
710 762 919 820 παρούσης
942 765 1052 822 αὐτῷ
1075 769 1147 819 τῆς
1175 750 1396 819 δυνάμεως.
1465 766 1577 822 ὅμως
1597 759 1715 822 μετὰ.
1774 764 1777 770 ¹

228 834 308 871 τῶν
333 832 554 888 ἐπιχωρίων
579 833 646 873 καὶ
670 836 749 873 τῶν
773 832 909 882 αὐτοῖς
933 834 1159 890 προσοίκων
1191 833 1243 876 τά
1273 851 1315 877 τε
1347 838 1468 878 πλοῖα
1503 837 1555 878 τὰ
1579 837 1625 885 ἓν,
1643 840 1703 896 τῷ
1712 846 1757 885 10

229 903 400 956 ποταμῷ
422 898 734 956 προδιέφθειρε,
778 902 845 941 καὶ
877 901 922 943 τὸ
956 900 1085 956 ῥεῦμα
1112 903 1239 945 αὐτοῦ’
1263 902 1331 944 διὰ
1355 907 1541 961 φυλακῆς
1563 904 1701 961 ἐποιήι

230 982 342 1007 σατο.
413 965 433 1007 ὅ
467 962 537 1009 οὗν
564 967 749 1021 Ἀννίβας
781 967 920 1024 ε’τριψε
954 970 1028 1022 μέν
1060 987 1150 1012 τινα
1176 968 1326 1028 χρόνον
1361 974 1428 1014 καὶ
1449 975 1613 1027 σχεδίας
1634 976 1704 1016 καὶ

230 1032 367 1090 σκάφη
402 1034 506 1077 ἄλλα
540 1053 582 1078 τε
614 1037 680 1078 καὶ
710 1034 914 1091 μονόξυλα
947 1037 1271 1091 κατασκευάζων,
1306 1038 1418 1096 ἔφθη
1451 1035 1508 1082 δ’Δ
1529 1035 1702 1085 effraim}

229 1105 484 1159 πολυχειρίας
513 1105 565 1145 τὰ
599 1105 700 1162 πρὸς
732 1107 949 1162 περαίωσιν
983 1107 1182 1163 ἀναγκαῖα
1215 1105 1369 1160 πάντα,
1405 1110 1499 1168 πρὶν
1521 1113 1580 1170 τῷ
1601 1112 1703 1152 Σκι·

179 1173 208 1206 C
231 1172 345 1212 πίωνι
368 1173 413 1213 τὸ
439 1175 581 1215 οἰκεῖον
606 1173 831 1231 ἀφικέσθαι
856 1173 1111 1231 στράτευμα,
1159 1169 1565 1234 προετοιμασάμενος,
1624 1180 1701 1221 Ἰκαὶ
1713 1186 1756 1220 15

228 1239 298 1280 τὸν
322 1239 498 1298 ἀδελφὸν
522 1243 714 1297 Μαγῶνα
746 1243 821 1284 σὺν
852 1249 936 1292 τοῖς
971 1244 1131 1288 ἷππεῢσι
1154 1247 1221 1286 καὶ
1244 1249 1382 1299 ψιλοῖς
1405 1263 1520 1299 τισιν,
1538 1240 1584 1304 ᾗ
1605 1262 1700 1306 σκε-

227 1306 419 1350 δάννυται
451 1307 471 1350 ὃ
507 1310 691 1364 ποταμὸς
714 1312 776 1352 ἐπὶ
799 1311 901 1352 πολὺ
927 1314 993 1353 καὶ
1017 1311 1154 1367 νήσοις
1178 1311 1522 1367 διαλαμβάνεται,
1554 1309 1700 1371 διαβη-

228 1374 396 1429 σόμενον
420 1377 611 1432 ἔπεμψεν,
636 1379 758 1428 αὐτὸς
781 1379 825 1420 δὲ
848 1379 951 1422 κατὰ
975 1380 1045 1422 τὸν
1068 1381 1229 1437 ἐμφανῆ
1254 1378 1386 1438 πόρον
1398 1380 1538 1439 ἐχώρει
1558 1385 1700 1439 δῆθεν,

209 1437 281 1485 Δἵν’
326 1445 363 1486 οἷ
395 1444 579 1488 Γαλάται
620 1446 887 1502 ἀπατηθεῖεν,
933 1449 1035 1504 πρὸς
1077 1449 1199 1491 αὐτὸν
1240 1441 1586 1505 ἀντιταττόμενοι,
1634 1453 1702 1494 καὶ

230 1513 491 1571 ἀμελέστερον
515 1516 555 1556 ἐν
580 1513 718 1566 ἄλλοις
741 1519 813 1557 τοῦ
838 1521 1025 1570 ποταμοῦ
1046 1517 1119 1572 τὴν
1142 1518 1328 1574 φυλακὴν
1351 1522 1529 1561 θῶνται·
1574 1519 1598 1562 ὃ
1634 1521 1764 1569 καὶ20,

228 1582 373 1636 γέγονε.
443 1585 509 1624 καὶ
534 1581 554 1624 ὅ
580 1584 744 1640 Μαγοὺν
768 1584 880 1639 διέβη
905 1582 975 1628 τὸν
996 1583 1192 1639 ποταμόν,
1229 1584 1250 1627 ὃ
1284 1587 1329 1628 δὲ
1354 1586 1536 1641 Ἀννίβας
1565 1589 1633 1630 καὶ
1666 1589 1704 1631 οἳ

230 1652 317 1705 περὶ
344 1650 465 1692 αὐτὸν
489 1651 592 1693 κατὰ
617 1652 686 1694 τὸν
709 1650 834 1708 πόρον
857 1654 1126 1709 ἐπεραιοῦντο.
1197 1656 1264 1696 καὶ
1297 1654 1499 1710 γενόμενοι
1527 1656 1632 1702 κατὰ
1654 1658 1700 1700 τὸ

321 1767 341 1802 7
365 1764 508 1848 μῗοοῐῐι
535 1770 578 1804 C.
718 1771 742 1806 8
765 1771 832 1805 τοῦ
855 1771 920 1805 add
942 1771 984 1806 A.
1123 1774 1167 1807 ll
1191 1768 1385 1816 διέφθειρε
1406 1773 1450 1808 C.
1591 1773 1635 1809 15
1659 1767 1701 1809 τὸ

319 1825 371 1847 om
462 1839 471 1848 .

362 1882 531 1917 Fowrss.
581 1883 667 1928 Gap.
693 1883 749 1919 23.
800 1884 928 1918 Dionis
960 1885 1141 1920 Historiae
1175 1884 1360 1919 Romanae
1392 1884 1473 1919 libra·
1507 1885 1702 1931 deperditi.-
1753 1921 1758 1925 ,

318 1934 524 1972 excerptum
552 1930 766 1965 Vaticanum
789 1929 834 1964 72
858 1942 895 1975 p.
921 1930 1001 1966 192.

360 2028 419 2063 23.
469 2031 566 2064 Haec
588 2032 709 2066 bonam
733 2042 828 2077 spem
849 2031 1048 2076 Hannibali,
1072 2032 1238 2067 Romanis
1255 2042 1413 2076 magnum
1433 2031 1587 2066 timorem
1608 2035 1703 2067 attu-

224 2075 349 2108 lerunt.
384 2075 445 2119 qui
469 2077 577 2120 copiis
603 2083 639 2111 et
663 2078 858 2111 consulibus
881 2077 1039 2111 bifariam
1063 2078 1259 2111 distributis
1283 2077 1522 2122 Sempronium
1543 2076 1702 2122 Longum

175 2121 186 2127 “
224 2120 260 2153 ἰη
287 2120 438 2154 Siciliam
469 2122 653 2165 miserunt,
687 2123 721 2156 in
746 2123 948 2168 Hispaniam
972 2124 1012 2157 P.
1037 2123 1247 2168 Scipionem.
1295 2122 1470 2157 Hannibal
1498 2134 1604 2166 vero,
1638 2123 1702 2157 im—

223 2166 415 2210 pressionis
438 2166 474 2199 in
498 2167 632 2205 Italiam
655 2169 765 2214 primo
789 2180 929 2214 quoque
952 2173 1108 2213 tempore
1131 2167 1313 2203 faciendae
1342 2169 1508 2214 cupidus,
1539 2168 1610 2202 iter
1641 2180 1702 2203 ac-

227 2210 405 2255 celeravit,
430 2223 470 2246 ac
495 2213 645 2248 Galliam
664 2226 757 2260 quae
781 2216 874 2249 intra
891 2216 1107 2260 Pyrenaeum
1131 2220 1168 2248 et
1183 2214 1389 2249 Rhodanum
1411 2218 1467 2247 est
1489 2213 1578 2247 citra
1601 2214 1701 2248 dimi-

226 2257 397 2293 cationem
421 2259 584 2302 transiit3
618 2272 731 2306 neque
755 2261 937 2306 quisquam
961 2272 1035 2294 cum
1059 2273 1100 2295 eo
1125 2267 1334 2305 congressus
1349 2263 1413 2294 ‘est
1434 2260 1635 2306 priusquam
1658 2261 1702 2294 ad

227 2302 430 2338 Rhodanum
454 2306 623 2340 venisset.
669 2307 721 2341 ibi
755 2317 793 2340 se
826 2307 878 2340 illi
910 2306 1064 2350 ostendit
1087 2307 1220 2352 Scipio.
1267 2305 1349 2350 qui,
1384 2316 1459 2339 cum
1483 2305 1559 2339 eius
1582 2306 1702 2351 copiae

226 2350 375 2384 nondum
404 2350 646 2395 advenissent,
682 2358 796 2387 tamen
834 2364 909 2387 cum
942 2352 1166 2398 popularibus
1196 2360 1380 2396 eorumque
1409 2350 1564 2385 finitimis
1594 2362 1702 2386 navos

226 2405 316 2438 quae
340 2396 377 2430 in
399 2395 538 2430 flumine
562 2402 663 2431 erant
687 2399 865 2433 destruxit
887 2399 1091 2443 niveumque
1115 2397 1290 2433 custodiit.
1340 2397 1516 2431 Hannibal
1531 2397 1600 2431 etsi
1615 2401 1702 2432 tem-

224 2442 319 2484 poris
350 2442 482 2485 aliquid
513 2443 726 2480 instruendis
749 2445 884 2479 ratibus
909 2444 1047 2489 scaphis
1071 2448 1108 2478 et
1129 2443 1291 2478 lintribus
1315 2442 1529 2488 consumpsit
1543 2469 1553 2486 ‚
1585 2446 1700 2478 tamen

226 2488 339 2521 omnia
363 2488 407 2522 ad
430 2488 612 2524 traiectum
636 2491 835 2525 necessaria
858 2490 1077 2524 multitudine
1103 2500 1285 2534 operarum
1315 2489 1413 2534 prius
1437 2489 1577 2534 paravit
1599 2498 1701 2533 quam

224 2532 382 2577 Scipioni
415 2545 498 2568 suae
530 2535 684 2579 legiones
709 2536 947 2571 advenissent.
992 2537 1136 2569 fratrem
1160 2535 1343 2578 Magonem
1367 2546 1440 2568 cum
1465 2533 1640 2579 equitibus
1664 2538 1702 2567 et

227 2579 389 2612 velitibus
414 2580 597 2624 nonnullis,
622 2593 690 2627 qua
714 2582 818 2616 amnis
843 2584 913 2617 late
935 2581 1112 2627 spargitur
1135 2585 1171 2614 et
1195 2580 1315 2615 insulis
1338 2579 1576 2625 distinguitur,
1600 2580 1701 2613 traii-

226 2635 307 2657 cere
330 2625 456 2659 iussit:
488 2626 566 2670 ipse
595 2628 652 2660 adv
670 2628 814 2662 evidens
842 2628 969 2663 vadum
999 2625 1194 2669 contendit,
1232 2626 1390 2660 nimirum
1412 2631 1452 2660 ut
1475 2625 1588 2668 Galli,
1621 2626 1699 2659 dum

224 2669 295 2712 ipsi
320 2671 553 2715 obsisterent,
581 2673 794 2716 fallerentur,
819 2679 856 2707 et
877 2674 913 2708 in
938 2673 1017 2707 aliis
1040 2672 1125 2718 ripis
1148 2672 1300 2706 fluminis
1323 2671 1556 2716 negligentius
1580 2675 1699 2705 custo·-

226 2714 298 2750 dias
329 2716 511 2754 haberent.
557 2719 680 2764 itaque
709 2719 868 2764 contigit.
915 2719 1022 2763 Mago
1055 2718 1145 2752 enim
1175 2729 1252 2752 cuin
1282 2717 1408 2752 flumen
1439 2717 1700 2758 transmisisset,

224 2760 399 2796 Hannibal
424 2774 497 2796 cum
523 2765 594 2798 suis
619 2765 742 2799 vadum
766 2765 968 2809 ingressus,
991 2763 1049 2798 ubi
1073 2763 1116 2797 ad
1142 2764 1290 2798 medium
1314 2763 1492 2809 pervenit,
1520 2764 1701 2797 clamorem
