1820 3120
583 101 869 146 ANNALIUM
902 102 1012 145 vm
1045 104 1088 145 8.
1473 104 1568 150 131

101 222 298 265 ναυτικῶν
318 217 398 274 γὰρ
421 216 472 259 οὗ
496 232 535 259 τι
558 215 664 260 πάνυ
688 217 943 274 πεπείραντο’
980 218 1280 273 θαλαττουργοὶ
1305 217 1349 260 δὲ
1371 215 1573 274 γενόμενοι

98 287 167 334 καὶ
189 287 252 329 ἐπὶ
274 285 349 336 τὰς
370 282 520 341 νήσους
538 284 612 336 τάς
633 303 675 329 τε
698 285 826 336 ἄλλοις
846 283 1036 340 ἠπείρους
1065 283 1387 341 ἐπεραιώθησαν.
1454 290 1576 346 Καρ-

93 355 300 413 χηδονίοις
323 354 367 397 δὲ
387 352 563 412 πρώτοις
585 355 849 409 ἐπολέμησαν,
885 353 1001 395 οὐδὲν
1025 351 1159 395 αὐτῶν
1182 348 1294 396 οὖσιν
1316 352 1479 409 ἥττοσιν
1503 356 1575 400 οὕ-

51 415 62 475 Ῐζ
95 441 140 468 τε
162 421 324 482 πλούτῳ
347 422 438 466 οὔτε
462 423 585 480 ἀρετῇ
603 421 758 479 χώρας,
781 424 848 464 καὶ
870 420 1111 477 ἠσκημένοις
1127 419 1178 464 τὰ
1197 422 1364 464 ναυτικὰ
1383 425 1438 474 εἷς
1455 424 1570 481 ἀκρί-
1591 437 1623 472 D

39 536 47 540 ,,
61 496 237 548 Ββειαν,
270 493 338 535 καὶ
361 492 749 548 παρεσκευασμένοις
772 491 952 540 ἱππικαῖς
974 507 1015 532 τε
1040 487 1234 544 δυνάμεσι
1257 492 1324 532 καὶ
1348 493 1484 544 πεζαῖς
1506 497 1574 536 καὶ

54 560 57 564 ’
95 561 263 619 ἐλέφασι
274 593 288 613 ,
329 562 397 603 καὶ
429 559 600 618 ι’ίρχουσι
631 558 832 614 Λιβύων,
867 558 940 614 τήν
963 575 1004 600 τε
1029 558 1179 616 Σαρδὼ
1202 560 1270 601 καὶ
1295 564 1367 614 τῆς
1389 562 1575 612 Σικελίας

33 658 59 691 4⁴
93 629 148 673 τὰ
170 630 294 673 πλείω
317 629 575 683 κατέχουσιν·
611 628 711 672 ὅθεν
733 630 800 671 καὶ
823 627 897 683 τὴν
913 627 1086 670 Ἰταλίαν
1105 626 1391 685 χειρώσασθαι
1423 629 1480 671 δι’
1507 630 1574 672 ἔλ-

93 698 223 741 πίδων
244 698 472 753 πεποίηντο.
541 695 591 740 τά
624 715 667 741 τε
698 698 777 753 γὰρ
809 695 915 739 ἄλλα
937 699 1047 753 σφᾶς
1069 698 1443 754 φρονηματίζεσθαι
1466 697 1572 740 ἕπει-

30 752 63 806 52
93 769 195 819 θον,
239 767 308 809 καὶ
331 770 390 827 τῷ
412 763 624 823 αὐτονόμῳ
648 767 738 807 λίαν
762 763 977 821 ἐτύγχανον
1000 763 1255 823 ἐπαιρόμενοι
1279 765 1365 821 (τὸν
1387 767 1465 823 γὰρ
1489 770 1573 821 βα-

36 817 208 905 Ἰἐῇσιλέα
230 833 389 884 ἑαυτοῖς
410 837 551 889 κλῆσιν
574 835 732 888 ἐτησίου
757 833 888 890 ἀρχῆς
905 832 998 875 ἀλλ’
1022 833 1095 876 οὐκ
1112 834 1175 875 ἐπὶ
1188 835 1340 892 χρονίῳ
1357 835 1572 895 δυναστεία

92 901 441 962 προύβάλλοντο),
487 904 555 944 καὶ
586 899 641 952 ὡς
673 903 810 952 αὐτοῖς
832 900 1071 956 πονούμενοι
1094 901 1391 959 προθυμότατα
1415 902 1570 960 ὤργων.

228 969 412 1027 Σκήψεις
446 971 491 1014 δὲ
522 974 596 1013 τοῦ
623 971 800 1025 πολέμου
834 971 1010 1026 ἐγένοντο
1029 968 1244 1024 Ῥωμαίοις
1264 972 1339 1026 μὲν
1362 971 1425 1015 ὅτι
1449 974 1571 1030 Καρ-

42 1094 44 1099 ,
85 1038 271 1096 χηδόνιοι
293 1047 377 1090 τοῖς
401 1040 666 1096 Ταραντίνοις
689 1037 938 1094 ἐβοήθησαν,
961 1040 1257 1096 Καρχηδονίοις
1278 1040 1321 1081 δὲ
1346 1039 1406 1082 ὅτι
1430 1042 1570 1098 φιλίαν
1590 1047 1621 1083 Ρ
1643 1047 1663 1083 1
1685 1047 1754 1084 382

86 1107 278 1164 Ῥωμαῖοι
302 1107 518 1152 συνέθεντο
541 1113 599 1166 τῷ
610 1107 779 1165 Ἱέρωνι·
813 1108 860 1150 τὸ
885 1108 926 1149 δ’
954 1107 1120 1162 ἀληθές,
1157 1105 1219 1150 ὅτι
1242 1107 1443 1162 ἀλλήλους
1463 1107 1572 1166 ὕφο-

37 1183 83 1229 15
97 1182 225 1235 ρῶντο
235 1209 250 1230 ,
283 1178 351 1220 καὶ
372 1177 471 1232 μίαν
493 1178 695 1234 σωτηρίαν
715 1180 796 1219 τῶν
820 1176 974 1219 οἰκείων
997 1173 1177 1233 ἑκάτεροι
1201 1174 1327 1234 ᾤοντο
1360 1178 1395 1219 εἲ
1416 1177 1466 1219 τὰ
1490 1181 1571 1221 τῶν

53 1238 55 1243 ⁴
91 1245 227 1290 ἄλλων
257 1243 591 1303 προσκτήσαιντο.
661 1243 767 1287 οὕτω
798 1244 1099 1298 διανοουμένοις
1130 1244 1268 1295 αὐτοῖς
1299 1243 1508 1299 συμπεσόν
1530 1263 1571 1289 τι

90 1315 167 1366 τὰς
188 1312 367 1364 σπονδάς
389 1330 430 1356 τε
454 1313 609 1357 διέλυσε
633 1315 700 1356 καὶ
723 1314 764 1363 ἒς
786 1312 858 1356 τὸν
880 1310 1056 1368 πόλεμον
1080 1311 1228 1363 αὐτοὺς
1252 1314 1485 1371 ἐξηρέθισε·
1521 1316 1567 1358 τὸ

91 1382 136 1426 δ’
159 1377 213 1440 ἦν
235 1387 431 1426 τοιοῦτον.

228 1452 282 1496 Οἱ
305 1453 566 1509 Μαμερτῖνοι
596 1450 639 1493 ἐκ
671 1449 918 1504 Καμπανίας
949 1449 1045 1492 ποτὲ
1073 1448 1176 1508 πρὸς
1199 1446 1425 1505 Μεσσήνην
1448 1450 1568 1493 ἀποι-

181 1593 202 1628 1
227 1587 275 1626 οὔ
296 1591 355 1636 τι]
379 1586 438 1627 ὅτι
461 1591 506 1628 C.
643 1590 668 1623 4
689 1586 765 1635 εἰς]
789 1586 882 1633 πρὸς
903 1588 978 1627 ΑΒ.
1116 1587 1140 1623 8
1164 1588 1500 1635 φρμνιματίζεσθοιι
1523 1590 1566 1629 C.

180 1637 206 1675 9
228 1632 452 1683 ἐπαγόμενοι
473 1636 519 1672 C.
632 1637 678 1671 10
698 1633 847 1681 ἐτησίαν
869 1635 911 1670 Α.
1041 1635 1085 1670 11
1109 1633 1364 1680 πονούμενοι]
1386 1633 1568 1681 πτοούμε-

180 1695 242 1719 vm
265 1685 358 1720 CW.
439 1679 585 1728 ὤργουν
607 1683 674 1717 W:
694 1679 789 1717 “mss
813 1682 904 1716 codd
929 1677 1082 1725 ὅργων”
1103 1681 1337 1716 DucANews.
1410 1683 1455 1717 12
1477 1683 1567 1726 σκῆ-

179 1736 246 1774 ψις
259 1731 304 1766 A.
373 1727 540 1774 Σκήψεις
551 1747 599 1755 -
615 1729 661 1764 18
677 1721 727 1773 ἦν
743 1728 915 1763 τοιοῦτον
929 1727 1050 1761 Dionis
1068 1732 1268 1774 excerptum
1286 1727 1492 1763 Vaticanum
1509 1729 1566 1766 57.

181 1776 229 1811 14
261 1772 505 1819 ὖφεσωρῶντο
535 1772 794 1819 (ὑφεωρῶντο)
823 1774 945 1808 Dionis
979 1785 1054 1808 exc.
1218 1774 1263 1809 16
1285 1772 1568 1818 διανοουμένοις

179 1821 264 1866 AB,
294 1818 554 1866 ὃιανοημένοις
583 1821 683 1865 (corr
714 1817 1033 1865 διανενοημένοις)
1064 1819 1118 1863 C,
1148 1818 1451 1863 διανενοημένοις
1472 1821 1560 1855 Pw.

181 1867 227 1923 13
262 1862 300 1908 ἐς
319 1866 397 1948 [px
413 1867 536 1902 Dionis
560 1877 657 1912 exc.²
690 1863 744 1906 εἰς
765 1867 856 1903 PW.
999 1865 1043 1899 19
1065 1867 1284 1910 μαρμετῖνοι
1307 1866 1350 1901 Β.
1489 1867 1568 1901 Με-

178 1923 298 1960 σηνην
399 1937 410 1948 .

87 2037 185 2085 prius
217 2036 340 2072 classis
367 2035 596 2070 instruendae
624 2034 727 2082 plane
750 2033 870 2068 rudes.
918 2043 995 2067 cum
1018 2036 1133 2068 autem
1158 2034 1196 2068 in
1216 2033 1304 2068 mari
1327 2033 1466 2068 versari
1488 2045 1568 2069 coe-

83 2085 239 2132 pissent,
274 2083 311 2118 in
340 2082 471 2117 insulas
493 2081 648 2126 aliasque
671 2080 888 2115 continentes
910 2079 1139 2116 traiecerunt.
1187 2080 1250 2114 sed
1280 2090 1355 2114 cum
1378 2080 1568 2127 Carthagi-

85 2130 262 2166 niensibus
286 2129 432 2175 primum
456 2133 539 2163 sunt
560 2127 754 2172 congressi,
777 2126 888 2160 nihilo
913 2137 1027 2170 neque
1042 2126 1166 2171 opibus
1183 2137 1297 2172 neque
1315 2125 1392 2171 agri
1408 2127 1565 2162 bonitate

84 2176 324 2217 inferioribus,
351 2179 389 2210 et
409 2174 444 2208 in
467 2185 507 2208 re
530 2173 673 2208 nautica
697 2171 1016 2214 exercitatissimis3
1050 2172 1112 2218 qui
1135 2176 1320 2216 praeterea
1342 2172 1567 2217 pedestribus

84 2222 378 2269 equestribusque
408 2220 518 2266 copiis
541 2225 578 2254 et.
601 2219 796 2265 elephantis
818 2218 1019 2263 pollebant,
1053 2222 1089 2252 et
1119 2217 1274 2262 Libyae,
1310 2218 1496 2252 Sardiniae
1526 2231 1568 2253 ac

83 2280 232 2315 magnae
255 2268 348 2315 parti
370 2266 515 2302 Siciliae
536 2266 777 2311 imperabant:
801 2264 892 2298 unde
917 2264 953 2296 in
974 2275 1069 2308 spem
1091 2263 1213 2298 Italiae
1237 2275 1375 2309 quoque
1399 2265 1567 2310 subigen-

85 2315 155 2350 dae
176 2315 410 2361 erigebantur.
438 2324 517 2347 nam
532 2316 675 2358 praeter
691 2312 760 2346 alia
775 2309 962 2356 superbiae
984 2309 1208 2344 incitamenta
1230 2310 1411 2344 immodica
1428 2322 1568 2355 quoque

83 2361 234 2396 libertas
258 2360 389 2394 animos
413 2359 463 2394 eis
485 2358 640 2393 faciebat
664 2361 799 2402 (eorum
823 2357 913 2390 enim
936 2366 998 2389 rex
1014 2355 1119 2390 annui
1135 2356 1369 2401 magistrum,
1400 2368 1468 2390 non
1492 2357 1566 2390 diu-

85 2412 215 2442 turnae
237 2405 422 2452 potestatis
445 2404 687 2439 auctoritatem
712 2403 876 2443 habebat)
892 2428 902 2446 ‚
930 2406 965 2435 et
979 2428 988 2444 ,
1012 2402 1083 2437 suis
1108 2403 1239 2448 quippe
1263 2402 1460 2436 rationibus
1484 2414 1567 2437 con-

86 2453 255 2495 sulentes,
279 2452 324 2486 ad
347 2451 383 2486 id
407 2462 537 2486 summa
559 2450 741 2484 alacritate
764 2449 983 2483 ferebantur.

224 2498 313 2532 Belli
346 2508 472 2531 causae
505 2496 827 2542 praetendebantur
860 2506 880 2527 a
909 2492 1096 2538 Romanis,
1128 2492 1220 2539 quod
1254 2492 1566 2537 Carthaginienses

85 2543 289 2580 Tarentinis
312 2554 414 2589 opem
435 2542 618 2585 tulissent3
645 2554 665 2577 a
688 2538 1060 2585 Carthaginiensibus,
1097 2539 1188 2585 quod
1211 2539 1359 2573 Romani
1379 2550 1455 2572 cum
1479 2539 1568 2573 Hie-

86 2601 176 2625 rone
209 2590 394 2624 amicitiam
429 2589 602 2623 iniissent.
663 2589 724 2622 sed
758 2598 843 2621 vera
867 2596 971 2619 causa
992 2584 1055 2619 ilia
1079 2590 1178 2628 erat,
1214 2585 1307 2629 quod
1340 2584 1493 2619 invicem
1525 2595 1565 2619 se

88 2641 272 2682 suspectos
295 2635 483 2678 habebant,
509 2640 546 2668 et
568 2634 708 2679 utrique
732 2632 1005 2667 incolumitatem
1030 2642 1124 2665 suam
1147 2631 1184 2664 in
1208 2642 1250 2664 eo
1275 2630 1376 2664 sitam
1396 2641 1473 2665 esse
1497 2641 1566 2675 pu-

88 2681 222 2726 tabunt,
246 2681 274 2717 si
299 2682 430 2716 alteros
452 2681 688 2725 subegissent.
735 2691 810 2714 cum
834 2679 886 2711 sic
910 2677 1030 2712 affecti
1053 2682 1184 2721 essent,
1209 2676 1405 2711 huiusmodi
1428 2675 1565 2711 occasio

88 2727 278 2763 solvendae
301 2727 397 2773 pacis
422 2731 459 2762 et
481 2726 682 2772 auspicandi
705 2725 790 2760 belli
814 2724 947 2759 incidit.

224 2773 422 2809 Mamertini
453 2773 512 2819 qui
536 2773 615 2808 olim
637 2784 681 2808 ex
705 2770 899 2818 Campania
919 2769 1090 2805 coloniam
1112 2767 1311 2804 Messanam
1335 2765 1563 2809 deduxerant,
