1820 3120
302 81 400 127 372
774 65 1004 123 ΙοΑΝΝῙε
1029 76 1300 123 ’ΖοΝΑΒΑΕ

108 199 152 233 W
171 200 205 234 ΙΙ
222 199 289 234 148
444 192 532 246 Τὴν
553 192 626 246 μὲν
649 186 720 235 οὖν
745 191 873 249 ἀρχὴν
897 191 1026 243 οὕτως
1049 187 1172 242 αὖθις
1193 189 1404 244 ἐδάσαντο,
1428 193 1498 237 τὸν
1512 193 1566 237 ’δὲ
1586 192 1690 250 πρὸς
1705 192 1775 236 τὸν

302 261 451 310 Σέξτον
473 258 650 314 πόλεμον
673 260 936 303 ἐκοινώσαντο
951 274 962 285 ·
1000 263 1067 303 καὶ
1101 263 1164 303 ἐπὶ
1197 267 1286 310 ταῖς
1319 265 1591 318 natal-mai?
1606 270 1609 273 ⁴
1624 261 1774 304 εἱστία-

303 346 380 371 σαν
402 327 605 382 ἀλλήλους
638 330 679 371 ἐν
710 336 794 379 τοῖς
824 331 913 386 περὶ
937 329 983 372 τὸ
1007 330 1245 385 Βρεντέσιον
1267 330 1574 384 στρατοπέδοις,
1607 331 1774 386 Καΐσαρ

119 405 145 438 Ρ
170 404 183 437 l
210 403 279 437 512
301 398 375 451 μὲν
400 394 635 451 Ῥωμαϊκῶς
667 414 709 440 τε
740 399 807 440 καὶ
840 401 1160 454 στρατιωτικῶς,
1197 396 1406 448 Ἀντώνιος
1437 398 1482 440 δὲ
1508 397 1701 448 Ἀσιανοῖς
1731 414 1774 441 τε

301 467 372 508 καὶ
393 467 642 520 Αἰγυπτίαις.
688 467 1023 520 κατηλλαγμένων
1048 466 1092 508 ‹5’
1123 465 1256 508 αὐτῶν
1279 464 1334 516 ὡς
1357 465 1536 518 ἐδόκουν,
1558 464 1771 526 περὶστάν·

301 551 367 583 τες
397 534 468 576 τὸν
489 532 700 576 Ἀντώνιον
732 535 770 576 οἱ
800 533 891 576 τότε
922 532 1109 584 συνόντες
1139 538 1198 592 τῷ
1227 535 1432 590 Καίσαρι,
1467 532 1648 592 ἀπῄτουν
1669 534 1770 590 παρ’

303 602 429 644 αὐτοῦ
452 603 503 644 τὰ
522 601 718 657 χρήματα
742 602 768 644 ἃ
792 602 871 644 ἀπὸ
896 607 971 657 τῆς
992 602 1127 657 μάχης
1149 607 1221 657 τῆς
1243 604 1285 644 ἐν
1310 594 1527 653 Φιλίπποις
1553 600 1773 656 ὖπέσχοντο

302 672 434 728 σφίσι,
459 670 517 712 δι’
545 670 572 712 ἃ
596 672 662 712 καὶ
686 671 726 720 ἒς
748 671 821 725 τὴν
838 671 988 722 Ἀσίαν,
1012 670 1122 721 ὅπως
1140 663 1307 713 πλεῖστα
1326 672 1569 727 ἀθροίσειεν,
1583 669 1773 713 ἔσταλτο.

300 738 376 781 κᾶν
399 736 678 796 ἐξειργάσαντό
703 756 742 782 τι
766 739 888 781 αὐτὸν
910 741 1037 794 μηδὲν
1061 738 1248 791 διδόντα,
1292 741 1326 782 εἰ
1347 740 1405 794 μὴ
1429 743 1539 797 σφᾶς
1562 735 1584 782 ὅ
1607 739 1774 794 ’Καῖσαρ

301 807 504 861 κατέσχεν,
540 809 670 849 ἐλπίσι
694 810 940 863 μετεωρίσας
964 805 1143 858 αὐτούς.>
1193 809 1259 850 καὶ
1289 808 1392 861 μετὰ
1424 812 1544 851 τοῦτο
1575 800 1649 850 τοῦ
1671 805 1802 863 πρὸςι

300 875 370 917 τὸν
394 876 542 926 Σέξτον
564 876 741 929 πολέμου
764 875 952 931 ἥπτοντο.
1022 880 1143 930 λιμοῦ
1176 877 1220 918 δὲ
1250 877 1345 926 τούς
1379 879 1420 919 ἐν
1455 880 1507 933 τῇ
1531 874 1668 933 Ῥώμῃ
1701 879 1774 918 τοῦ

302 944 452 994 Σέξτου
477 948 912 1000 θαλασσοκρατοῦντος
934 945 1156 997 πιέζοντος,
1191 948 1315 987 τελῶν
1337 962 1379 987 τε
1401 940 1560 987 πολλῶν
1582 946 1650 987 καὶ
1671 961 1774 986 παν-

300 1013 420 1055 τοίων
453 1014 775 1066 ε’πιτασσομένων
807 1014 963 1064 αὐτοῖς,
1001 1016 1137 1063 δεινῶς
1157 1012 1375 1067 ἤσχαλλον,
1411 1015 1478 1055 καὶ
1501 1012 1646 1055 οὐκέθ’
1669 1010 1773 1067 ἡσύ-

295 1082 435 1134 χαζον,
470 1081 574 1122 ἀλλὰ
598 1080 851 1137 παρεκάλουν
874 1086 984 1140 σφᾶς
1007 1083 1254 1124 σπείσασθαι
1278 1087 1335 1139 τῷ
1358 1082 1506 1139 Σέξτῳ.
1550 1079 1606 1131 ὡς
1629 1081 1671 1123 δ’
1698 1081 1772 1123 οὐκ

246 1154 276 1189 Β
301 1148 477 1200 ἔπειθον,
521 1149 623 1205 πρὸς
654 1150 724 1192 τὸν
755 1152 903 1201 Σέξτον
935 1151 1163 1202 ἀπέκλιναν,
1208 1152 1275 1193 καὶ
1309 1150 1406 1202 ,τοὺς
1435 1151 1476 1193 ἐν
1509 1156 1598 1200 ταῖς
1628 1150 1772 1206 ἀρχαῖς
1782 1165 1800 1199 1

299 1216 420 1268 ὄντας
451 1220 583 1268 λίθοις
615 1218 815 1272 ἐξήλασαν
846 1221 889 1260 ἐκ
911 1224 983 1273 τῆς
1006 1220 1181 1275 ἀγορᾶς,
1215 1218 1288 1269 τάς
1310 1236 1352 1261 τε
1374 1223 1448 1261 τοῦ
1470 1219 1681 1274 Καίσαρος
1704 1219 1773 1260 καὶ

298 1290 372 1329 τοῦ
387 1286 599 1329 Ἀντωνίου
624 1285 781 1337 εἰκόνας
804 1288 1040 1339 κατέβαλον,
1071 1290 1138 1329 καὶ
1164 1288 1231 1330 ἐπ’
1258 1287 1406 1338 αὐτοὺς
1429 1285 1484 1338 ὡς
1506 1288 1771 1330 ἀποκτενοῦνὲ-

297 1371 363 1405 τες
395 1359 506 1411 σφᾶς
538 1354 745 1409 ὥρμησαν.
815 1355 915 1398 ὅθεν
937 1355 1257 1411 ἠναγκάσθησαν
1277 1361 1337 1413 τῷ
1360 1357 1495 1413 Σέξτῳ
1518 1357 1585 1398 καὶ
1608 1354 1772 1404 ἄκοντες

296 1421 706 1478 ἐπικηρυκεύσασθαι.
775 1426 840 1465 καὶ
875 1430 1034 1480 πρῶτον
1055 1426 1129 1478 μὲν
1152 1425 1221 1466 διὰ
1243 1429 1323 1467 τῶν
1346 1422 1516 1480 ἑταίρων
1539 1423 1651 1481 αὐτῷ
1673 1424 1770 1465 διει-

296 1492 516 1546 λέχθησαν,
551 1491 686 1534 ἔπειτα
720 1494 787 1533 καὶ
820 1492 935 1534 αὐτοὶ
972 1494 1012 1542 ἐς
1045 1492 1189 1548 λόγους
1221 1487 1365 1546 ἦλθον.
1434 1494 1501 1535 καὶ
1536 1493 1768 1535 ἐσπείσαντο

294 1561 358 1601 ἐπὶ
383 1559 629 1614 συνθήκαις,
669 1558 771 1602 ὥστε
803 1561 897 1610 τοὺς
930 1560 1288 1616 αὐτομολήσαντας
1313 1566 1394 1604 τῶν
1425 1551 1581 1604 δούλων
1605 1560 1769 1603 ἐλευθέ-

297 1644 393 1685 ρους
424 1626 545 1679 εῗναι,
581 1631 647 1670 καὶ
679 1629 774 1678 τοὺς
803 1629 1045 1680 ἐκπεσόντας
1079 1630 1184 1685 πλὴν
1214 1635 1294 1672 τῶν
1326 1630 1514 1687 σφαγέων
1545 1632 1768 1680 κατελθεῖν,

297 1698 367 1738 καί
386 1714 489 1740 τισιν
522 1696 656 1739 αὐτῶν
686 1699 915 1755 δημαρχίας
937 1716 978 1741 τε
1010 1700 1076 1740 καὶ
1101 1699 1345 1756 στρατηγίας
1366 1700 1433 1741 καὶ
1458 1696 1676 1754 ἱερωσύνας
1702 1696 1769 1739 εὖ·

386 1814 408 1848 2
431 1812 759 1861 ἐκοινολογήσαντο
784 1816 826 1852 Ο.
962 1816 987 1852 8
1009 1812 1206 1861 ἄθροίσειν
1229 1816 1273 1851 C.
1416 1815 1462 1852 14
1483 1811 1561 1851 ἀλλ’
1587 1811 1767 1860 §noco-suoi-

389 1862 479 1895 λουν
501 1860 542 1895 Β.
682 1862 727 1899 19
747 1862 874 1907 πρῶτοι
897 1861 942 1899 Α.
1082 1858 1206 1898 αὐτῶν
1229 1863 1272 1897 C.

430 1963 617 2008 Imperium
648 1963 699 1998 sic
732 1964 776 1998 de
804 1965 943 2009 integro
974 1964 1099 2011 partiti
1132 1965 1257 2000 bellum
1285 1976 1360 1999 cum
1386 1965 1497 1999 Sexto
1532 1961 1766 1998 communibus

294 2009 421 2054 opibus
445 2010 635 2053 gerendum
658 2010 903 2045 decreverunt.
950 2012 1176 2047 reconciliata
1209 2011 1326 2056 gratia
1357 2022 1396 2045 se
1426 2015 1543 2044 mutuo
1571 2009 1607 2042 in
1638 2007 1766 2043 castris

294 2055 526 2089 Brundusinis
550 2056 723 2090 conviviis
746 2062 980 2102 exceperunt,
1015 2057 1324 2091 Caesur'Romano
1348 2062 1385 2091 et
1407 2055 1550 2090 militari
1571 2065 1667 2089 more
1689 2054 1767 2088 sine

294 2101 466 2143 leuticiis,
499 2101 670 2136 Antonius
693 2102 823 2137 Asiano
848 2107 883 2137 et
904 2104 1125 2148 Aegyptiace
1149 2103 1243 2138 luxu.
1291 2113 1366 2137 cum
1391 2103 1485 2136 inter
1507 2112 1585 2135 sese
1607 2098 1768 2134 reconci-

294 2146 371 2180 liati
395 2147 621 2191 viderentur,
653 2148 859 2182 Caesariani
882 2149 1187 2184 circumsteterunt
1209 2149 1415 2190 Antonium,
1450 2148 1494 2182 ab
1519 2157 1561 2186 eo
1585 2146 1767 2193 pecuniam

293 2192 328 2226 in
355 2203 471 2238 pugna
495 2193 694 2238 Philippica
716 2195 920 2239 promissam
943 2195 1168 2238 flagitantes,
1193 2206 1293 2239 quam
1318 2198 1358 2228 ut
1380 2193 1516 2228 affatim
1539 2193 1706 2234 afferret,
1729 2190 1765 2224 in

291 2238 411 2275 Asiam
440 2240 616 2283 profectus
641 2246 747 2275 essct.
783 2241 845 2274 sed
867 2252 943 2275 cum
968 2241 1053 2274 nihil
1078 2242 1189 2284 daret,
1213 2241 1301 2274 male
1323 2241 1368 2274 ab
1393 2240 1444 2274 eis
1466 2243 1638 2274 tractatus
1659 2241 1767 2280 esset,

293 2284 359 2318 nisi
385 2296 445 2318 eos
469 2285 602 2318 Caesar
625 2285 832 2331 amplissime
856 2287 1052 2332 pollicendo
1075 2287 1356 2332 compescuisset.
1403 2285 1531 2319 deinde
1554 2284 1679 2318 bellum
1704 2283 1768 2317 ad·

291 2340 416 2364 versus
440 2331 583 2364 Sextum
616 2333 807 2375 gerendum
840 2337 1081 2377 susceperunt.
1129 2332 1191 2366 sed
1214 2332 1360 2378 populus
1384 2331 1576 2375 Romanus,
1610 2340 1686 2364 cum
1719 2329 1764 2362 ob

292 2376 387 2410 illum
421 2377 507 2410 mari
539 2377 770 2413 dominantem
800 2379 889 2412 fame
923 2383 960 2412 et
984 2378 1231 2423 multiplicibus
1253 2377 1398 2412 tributis
1421 2380 1649 2423 premeretur,
1671 2373 1765 2408 indi-

292 2422 467 2466 gnabatur
499 2433 614 2467 neque
645 2435 684 2457 se
718 2424 899 2458 continere
930 2430 1070 2470 poterat
1092 2425 1193 2470 quin,
1225 2429 1263 2458 ut
1286 2435 1404 2469 pacem
1429 2434 1504 2457 cum
1530 2433 1572 2456 eo
1595 2421 1764 2464 facerent,

291 2468 503 2512 postularet.
548 2479 616 2512 quo
641 2481 708 2503 non
732 2470 918 2515 impetrato
941 2471 985 2504 ad
1009 2470 1152 2504 Sextum
1176 2469 1323 2512 defecit,
1360 2474 1396 2504 et
1429 2468 1652 2513 magistratus
1674 2465 1763 2511 lapi-

293 2514 394 2547 dibus
418 2514 495 2547 foro
519 2514 655 2558 exegit,
688 2521 726 2549 et
759 2516 925 2550 Caesaris
955 2521 1062 2561 atque
1092 2515 1237 2549 Antonii
1269 2515 1396 2549 statuis
1427 2514 1562 2549 eversis
1593 2513 1638 2547 ad
1665 2512 1764 2558 ipsos

293 2559 502 2593 occidendos
525 2560 721 2594 concitatus
745 2566 811 2596 est.
861 2573 967 2606 quare
999 2561 1056 2596 vel
1085 2561 1190 2596 inviti
1224 2561 1267 2594 de
1297 2573 1384 2606 pace
1417 2572 1493 2595 cum
1518 2559 1629 2594 sexto
1654 2568 1761 2602 agere

292 2610 373 2637 sunt
396 2606 522 2639 coacti.
572 2617 613 2639 ac
637 2607 782 2651 primum
805 2619 870 2652 per
893 2608 1019 2641 amicos
1043 2617 1118 2640 cum
1142 2618 1183 2640 eo
1209 2611 1428 2641 tractarunt:
1460 2605 1587 2640 deinde
1620 2604 1691 2649 ipsi
1723 2603 1760 2636 in

290 2651 496 2694 colloquium
521 2658 772 2687 convenerunt.
813 2658 860 2687 vet
890 2653 946 2687 his
978 2653 1240 2687 condicionibus
1273 2664 1393 2697 pacem
1427 2653 1606 2686 fecerunt=
1639 2659 1760 2684 servos

288 2697 492 2740 transfugas
516 2697 682 2732 libertate
706 2699 894 2741 donandos,
920 2699 1042 2733 exules
1065 2699 1333 2744 percussoribus
1356 2697 1514 2743 exceptis
1540 2694 1760 2731 revocandos

290 2753 380 2786 csse,
406 2749 440 2776 et
467 2743 672 2789 quibusdam
695 2755 814 2779 eorum
839 2745 1037 2780 tribunatus
1061 2748 1245 2790 praeturas
1271 2749 1307 2778 et
1330 2743 1531 2780 sacerdotia
1554 2742 1675 2778 statim
1697 2740 1761 2775 tri-
