1820 3120
311 117 408 162 210
776 114 1002 159 IOANNIS
1035 114 1293 157 ZONARAE

309 231 374 272 καὶ
398 228 498 270 κατὰ
521 225 739 271 θάλασσαν
761 227 848 283 ἅμα
871 226 1112 286 προσβαλῶν
1133 230 1192 283 τῷ
1212 227 1359 280 τείχει»
1375 226 1409 267 εἰ
1429 224 1488 280 μὴ
1512 222 1534 268 ὃ
1555 221 1765 280 Ἀρχιμή-

307 300 381 351 δης
401 300 600 350 μηχαναῖς
621 296 684 338 ἐπὶ
705 300 888 339 πλεῖστον
911 295 1057 344 αὐτοὺς
1078 295 1258 348 ἐποίησεν
1281 293 1489 347 ἀντισχεῖν.
1531 293 1599 334 καὶ
1620 292 1765 339 λίθους

304 365 382 420 γὰρ
407 366 473 406 καὶ
496 361 658 414 ὁπλίτας
678 364 960 419 μηχανήμασιν
983 363 1172 418 ἆπαρτῶν
1194 362 1327 404 καθίει
1359 376 1402 402 τε
1433 359 1666 410 ἐξαπιναίως
1688 359 1765 400 αὗ-

304 432 398 482 τοὺς
420 433 487 474 καὶ
509 431 660 474 ἀνέσπα
683 433 740 474 δι’
769 433 916 487 ὀλίγου.
982 437 1070 480 ταῖς
1091 430 1274 471 ὁὲῑναυσὶ
1297 429 1364 470 καὶ
1385 434 1474 477 ταῖς
1494 425 1765 484 πυργοφόροις

307 499 444 556 ἐτέρας
466 500 703 556 ἓπιρρίπτων
726 499 880 542 ἀνεῖλκε
899 516 941 542 τε
965 498 1088 548 αὐτὰς
1110 499 1176 539 καὶ
1198 497 1442 551 μετεωρίζων
1458 491 1626 552 ἀθρόως
1639 493 1796 551 ἦφίει,5
1818 497 1820 565 l

308 567 410 610 ὥστε
441 566 713 621 ἐμπιπτούσας
746 569 800 617 εἰς
830 567 875 609 τὸ
910 566 1023 623 ὕδωρ
1062 564 1168 621 ῥύμῃ
1197 565 1479 618 βαπτίζεσθαι.
1557 563 1625 604 καὶ
1653 563 1766 611 τέλος

305 634 467 690 σύμπαν
498 635 544 677 τὸ
575 634 760 677 ναυτικὸν
793 638 873 676 τῶν
888 632 1095 686 Ῥωμαίων
1126 630 1365 687 παραδόξως
1387 630 1622 687 κατέπρησε.
1690 627 1765 671 κά-

303 720 476 759 τοπτρον
506 700 584 758 γάρ
616 719 655 744 τι
685 702 787 756 πρὸς
807 702 876 743 τὸν
897 700 1010 756 ἥλιον
1033 700 1237 749 ἀνατείνας
1259 698 1331 754 τήν
1352 715 1395 741 τε
1417 698 1557 741 ἀκτῖνα
1579 697 1704 740 αὖτοῦ
1726 698 1767 746 ἒς

305 770 403 813 αὐτὸ
430 771 649 819 εῗσεὸέξατο
673 771 739 811 καὶ
762 769 831 812 τὸν
855 770 954 824 ἀέρα
974 769 1048 811 ἀπ’
1070 767 1194 822 αὐτῆς
1213 772 1262 824 τῇ
1281 765 1494 821 πυκνότητι
1511 767 1578 808 καὶ
1605 769 1655 822 τῇ
1683 768 1766 806 λει-

304 838 414 893 ότητι
443 842 515 880 τοῦ
545 835 770 891 κατόπτρου
803 836 993 892 πυρώσας
1025 835 1162 892 ’φλόγα
1193 852 1234 878 τε
1272 834 1449 891 μεγάλην
1480 834 1665 884 ἐξέκαυσε
1697 833 1764 874 καὶ
1776 842 1820 877 lo

303 911 437 947 πᾶσαν
470 905 596 958 αὐτὴν
619 906 659 954 ἐς
681 905 755 965 τὰς
779 908 877 954 ναῦς
904 903 982 946 ὑπὸ
1004 905 1077 958 τὴν
1099 908 1172 946 τοῦ
1193 903 1319 960 πυρὸς
1340 901 1435 946 ὁδὸν
1457 899 1661 958 ὁρμούσας
1682 900 1766 942 ε’νέ-

302 977 401 1027 βαλε
433 973 499 1014 καὶ
530 970 665 1021 πάσας
697 972 950 1015 κατέκαυσεν.
1029 971 1226 1027 ἀπογνοὺς
1259 966 1336 1013 οὖν
1361 968 1384 1015 ὃ
1415 969 1662 1028 Μάρκελλος
1693 967 1766 1021 τὴν

302 1040 418 1082 πόλιν
453 1038 630 1096 αἱρήσειν
654 1040 723 1081 διὰ
745 1041 791 1082 τὸ
814 1045 885 1083 τοῦ
905 1038 1188 1096 Ἀρχιμήδους
1211 1036 1460 1093 εὗμήχανον,
1492 1041 1597 1095 λιμῷ
1619 1035 1767 1097 αὗτρῦς

303 1114 515 1161 κατασχεῖν
538 1109 580 1149 ἐκ
603 1109 862 1165 προσεδρείας
885 1109 1144 1162 διεμελέτησε.
1193 1109 1260 1148 καὶ
1282 1105 1432 1156 ταύτας
1452 1106 1525 1160 μὲν
1546 1108 1603 1163 τῷ
1624 1102 1766 1146 Πούλ-

299 1193 387 1233 χρῳ
419 1176 655 1232 ἐπέτρεψεν,
691 1176 812 1226 αὐτὸς
843 1176 884 1218 δ’
911 1178 974 1218 ἐπὶ
1006 1176 1101 1225 τοὺς
1130 1173 1457 1224 συναποστάντας
1486 1173 1623 1230 σφίσιν
1645 1170 1820 1228 &rod-15

109 1257 138 1290 P
164 1256 181 1290 1
210 1254 282 1291 425
302 1259 396 1286 πετο
410 1257 421 1267 ·
491 1246 558 1285 καὶ
580 1251 662 1293 τοῖς
683 1245 755 1297 μὲν
776 1248 1072 1299 γνωσιμαχοῦσι
1095 1241 1330 1299 συγγνώμην
1352 1242 1474 1295 ἔνεμε,
1507 1241 1603 1291 τοὺς
1624 1240 1668 1282 δ’
1695 1240 1767 1282 ἀν-

207 1302 210 1307 ’
303 1311 574 1365 θισταμένους
607 1313 888 1367 μετεχειρίζετο
916 1315 1123 1365 χαλεπῶς,
1158 1312 1225 1352 καὶ
1249 1311 1399 1364 συχνὰς
1419 1310 1493 1363 μὲν
1511 1313 1592 1352 τῶν
1613 1306 1766 1350 πόλεων

301 1382 395 1438 βία,
425 1379 536 1429 τινὰς
560 1379 603 1420 δὲ
625 1381 692 1420 καὶ
715 1380 910 1438 προδοσία
931 1378 1032 1436 ᾕρει.
1067 1379 1108 1420 ἐν
1131 1377 1288 1428 τούτοις
1311 1378 1352 1420 δ’
1373 1375 1557 1430 Ἰμίλκων
1579 1378 1624 1418 ἐκ
1646 1377 1765 1430 Καρ-

298 1445 471 1502 χηδόνος
506 1446 580 1488 σὺν
615 1451 774 1504 στρατῷ
808 1441 878 1502 ἧκε
892 1478 905 1498 ,
950 1447 1020 1489 τὸν
1045 1445 1312 1502 Ἀκράγαντά
1344 1462 1386 1488 τε
1412 1445 1581 1499 κατέσχε
1603 1446 1672 1486 καὶ
1692 1443 1766 1498 τὴν

296 1514 566 1571 Ἠράκλειαν,
608 1517 674 1556 καὶ
705 1514 806 1569 πρὸς
836 1514 1101 1571 Συρακούσας
1133 1514 1266 1556 ἐλθὼν
1295 1511 1455 1568 ἡττήθη
1488 1530 1530 1555 τε
1559 1513 1627 1554 καὶ
1649 1512 1820 1554 ἄντε-20

301 1581 547 1639 πεκράτησε,
582 1584 649 1624 καὶ
673 1588 746 1625 τοῦ
768 1584 1016 1640 Μαρκέλλου
1039 1583 1223 1637 ἐξαπίνης
1243 1582 1353 1640 αὐτῷ
1375 1578 1668 1638 προσπεσόντος
1690 1574 1765 1621 αὗ-

302 1655 373 1701 θις
397 1650 576 1705 ἐνικήθη.

438 1719 478 1760 5.
541 1718 751 1760 Ἐντεῦθεν
784 1717 805 1760 ὃ
831 1716 1076 1775 ΖΥΙάρκελλος
1110 1725 1198 1768 ταῖς
1221 1714 1501 1774 Συρακούσαις
1533 1713 1764 1772 ἐφήδρευεν.

113 489 284 571 wne}

394 1825 417 1857 4
440 1814 504 1869 δὲ]
528 1836 566 1858 τε
589 1824 632 1858 C.
725 1823 747 1859 9
769 1820 836 1857 ὑπ’
861 1819 972 1868 αὐτῆς
993 1824 1038 1861 A.
1107 1823 1153 1858 14
1174 1822 1394 1867 προσεδρίας
1409 1822 1453 1858 Α.
1523 1822 1568 1859 16
1591 1817 1705 1867 ἔνειμε
1719 1821 1763 1861 Α.

393 1869 440 1905 18
462 1866 623 1915 οἷμίλκων
645 1869 689 1913 Α,
715 1866 863 1913 ἰμίλκων
885 1869 927 1906 C.
1064 1869 1109 1904 19
1131 1865 1198 1903 σὺν
1220 1869 1272 1915 τῷ
1294 1869 1438 1914 στρατῷ
1458 1866 1502 1903 A.

438 1937 606 1971 Fons-ss.
664 1937 749 1980 cap.
782 1937 816 1972 5.
881 1936 1008 1970 Dionis
1038 1936 1217 1971 Historiae
1248 1937 1431 1972 Romanae
1464 1934 1547 1970 libri
1578 1935 1762 1980 deperditi.

395 1985 441 2028 cs.
469 1981 625 2017 Tzetzae
651 1982 741 2017 Chii.
766 1984 804 2017 ΙΙ
826 1994 861 2016 υ.
886 1982 951 2016 131
978 1993 1030 2026 sq.

302 2074 362 2107 nia
385 2072 541 2116 adortus,
561 2071 721 2106 facillime
743 2072 877 2118 potitus
899 2075 1002 2116 esset,
1026 2072 1094 2106 nisi
1108 2071 1320 2107 Archimedis
1341 2071 1518 2106 machinae
1534 2070 1763 2107 obstitissent.

305 2130 382 2152 nam
411 2124 448 2151 et
476 2117 610 2162 lapides
641 2123 676 2151 et
709 2118 835 2152 milites
864 2118 944 2152 inde
975 2129 1160 2162 suspensos
1182 2118 1296 2151 subito
1320 2123 1356 2152 et
1379 2117 1582 2151 demittebat
1603 2122 1641 2150 et
1662 2116 1764 2161 paulo

305 2168 476 2197 momento
499 2164 711 2198 retrahebat.
757 2164 833 2198 aliis
857 2174 992 2208 quoque
1013 2164 1180 2197 machinis
1201 2162 1337 2197 iniectis
1353 2174 1460 2196 naves
1475 2167 1510 2197 et
1522 2166 1637 2196 turres
1653 2167 1765 2196 attra-

305 2210 430 2251 hebat,
461 2213 498 2242 et
529 2209 565 2241 in
588 2209 693 2243 altum
717 2209 859 2252 eductas
883 2209 995 2243 subito
1019 2209 1245 2252 demittebat,
1275 2213 1315 2242 ut
1347 2219 1421 2242 cum
1442 2208 1574 2253 impetu
1595 2208 1631 2241 in
1655 2218 1765 2251 aquas

304 2254 464 2298 relapsae
501 2262 747 2298 mergerentur.
804 2256 952 2299 denique
987 2259 1094 2288 totam
1122 2255 1351 2288 Romanorum
1384 2254 1528 2287 classem
1561 2253 1767 2287 mirabiliter

306 2299 452 2334 exussit.
508 2300 647 2343 speculo
679 2301 768 2334 enirn
800 2301 947 2345 quodam
980 2311 1100 2334 versus
1130 2300 1234 2333 solem
1269 2310 1437 2344 suspenso
1466 2299 1584 2333 radios
1615 2298 1766 2342 excepit,

306 2347 458 2389 aei-eque
484 2346 528 2377 ob
553 2345 759 2380 densitatem
782 2351 819 2380 et
840 2346 1039 2379 laevitatem
1059 2346 1193 2390 speculi
1214 2355 1258 2379 ex
1278 2344 1320 2379 iis
1345 2345 1453 2378 radiis
1474 2344 1616 2379 incenso
1647 2343 1767 2378 effecit

309 2397 348 2425 nt
377 2391 501 2434 ingens
531 2390 666 2424 flamma
696 2397 794 2425 recta
824 2392 859 2424 in
885 2402 993 2425 naves
1015 2390 1110 2424 illata
1133 2401 1250 2424 omnes
1272 2401 1333 2424 eas
1355 2396 1534 2424 cremaret.
1581 2389 1765 2424 Marcellus

306 2436 415 2480 igitur
446 2435 490 2468 ob
517 2435 731 2470 Archimedis
753 2437 926 2481 ingenium
951 2436 1204 2482 expugnatione
1226 2435 1426 2480 desperata,
1450 2436 1680 2470 diuturnitate
1703 2435 1766 2468 ob-

306 2481 453 2515 sidionis
476 2486 514 2513 et
538 2481 628 2514 fame
652 2483 768 2516 urbem
792 2483 931 2516 domare
952 2483 1096 2525 statuit,
1128 2492 1238 2526 eaque
1259 2481 1408 2515 Pulchro
1439 2481 1699 2525 mandatasfipse
1720 2479 1764 2513 ad

307 2525 511 2560 defectionis
546 2537 662 2560 eorum
692 2527 805 2561 socios
834 2540 873 2562 se
895 2526 1088 2561 convertit:
1122 2538 1164 2560 ac
1186 2526 1444 2580 paenitentibus
1466 2536 1628 2561 concessa
1649 2525 1764 2569 venia,

308 2572 513 2605 resistentes
537 2582 658 2616 aspere
679 2573 869 2607 tractavit:
892 2573 1014 2607 multas
1035 2574 1140 2606 urbes
1163 2583 1221 2615 vn,
1256 2573 1420 2617 quasdam
1442 2571 1640 2617 proditione
1660 2570 1763 2616 cepit.

308 2617 446 2650 interim
471 2616 620 2651 Himilco
643 2617 855 2662 Carthagine
877 2630 952 2652 cum
980 2617 1135 2652 exercitu
1157 2617 1335 2662 profectus
1358 2622 1395 2651 et
1415 2617 1606 2662 Agrigento
1629 2621 1668 2650 et
1691 2617 1765 2650 He-

308 2662 424 2695 raclea
445 2663 623 2706 occupatis
646 2663 690 2697 ad
713 2664 906 2707 Syracusas
950 2674 1130 2707 rogressus
1153 2669 1188 2697 et
1210 2664 1324 2698 victus
1346 2667 1403 2698 est
1429 2670 1467 2696 et
1490 2661 1642 2696 vicissim
1665 2661 1762 2706 vicit.

307 2711 345 2740 et
368 2707 482 2741 subito
507 2707 663 2742 Marcelli
684 2716 895 2754 superventu
942 2720 1029 2743 enuo
1051 2709 1245 2742 succubuit.

441 2752 478 2786 5.
521 2752 655 2788 Dehinc
688 2754 871 2790 Marcellus
899 2754 1083 2798 Syracusis
1114 2754 1266 2797 assedit,
1307 2752 1502 2790 Hannibale
1531 2751 1568 2787 in
1597 2751 1763 2787 calabria
