<?xml version="1.0" encoding="UTF-8"?>
<!DOCTYPE html PUBLIC "-//W3C//DTD XHTML 1.0 Transitional//EN"
    "http://www.w3.org/TR/xhtml1/DTD/xhtml1-transitional.dtd">
<html xmlns="http://www.w3.org/1999/xhtml" xml:lang="en" lang="en">
 <head>
  <title>
</title>
<meta http-equiv="Content-Type" content="text/html;charset=utf-8" />
  <meta name='ocr-system' content='tesseract 3.04.00' />
  <meta name='ocr-capabilities' content='ocr_page ocr_carea ocr_par ocr_line ocrx_word'/>
</head>
<body>
  <div class='ocr_page' id='page_1' title='image "./corpusscriptorum30niebuoft_0304.png"; bbox 0 0 1820 3120; ppageno 0'>
   <div class='ocr_carea' id='block_1_1' title="bbox 273 77 1270 126">
    <p class='ocr_par' dir='ltr' id='par_1_1' title="bbox 273 77 1270 126">
     <span class='ocr_line' id='line_1_1' title="bbox 273 77 1270 126; baseline -0.002 0"><span class='ocrx_word' id='word_1_1' title='bbox 273 80 374 126; x_wconf 85' lang='lat'><strong><em>294</em></strong></span> <span class='ocrx_word' id='word_1_2' title='bbox 749 77 978 122; x_wconf 82' lang='lat' dir='ltr'><strong>IOANNIS</strong></span> <span class='ocrx_word' id='word_1_3' title='bbox 1007 77 1270 124; x_wconf 76' lang='lat' dir='ltr'>zoNARAE</span> 
     </span>
    </p>
   </div>
   <div class='ocr_carea' id='block_1_2' title="bbox 101 189 1820 1767">
    <p class='ocr_par' dir='ltr' id='par_1_2' title="bbox 216 189 1801 454">
     <span class='ocr_line' id='line_1_2' title="bbox 271 189 1746 249; baseline -0.001 -13"><span class='ocrx_word' id='word_1_4' title='bbox 271 190 463 249; x_wconf 73' lang='grc' dir='ltr'><strong><em>προήχθη</em></strong></span> <span class='ocrx_word' id='word_1_5' title='bbox 495 192 562 233; x_wconf 84' lang='grc' dir='ltr'><strong><em>καὶ</em></strong></span> <span class='ocrx_word' id='word_1_6' title='bbox 583 189 891 249; x_wconf 78' lang='grc' dir='ltr'><em>ἀμφισβήτησιν</em></span> <span class='ocrx_word' id='word_1_7' title='bbox 915 191 960 233; x_wconf 85' lang='grc' dir='ltr'><strong><em>τὸ</em></strong></span> <span class='ocrx_word' id='word_1_8' title='bbox 984 190 1217 248; x_wconf 78' lang='grc' dir='ltr'><strong><em>συνέδρων,</em></strong></span> <span class='ocrx_word' id='word_1_9' title='bbox 1247 189 1322 240; x_wconf 71' lang='grc' dir='ltr'><strong><em>ἕως</em></strong></span> <span class='ocrx_word' id='word_1_10' title='bbox 1344 189 1422 247; x_wconf 63' lang='grc' dir='ltr'><strong><em>ἔφη</em></strong></span> <span class='ocrx_word' id='word_1_11' title='bbox 1445 207 1507 242; x_wconf 90' lang='grc' dir='ltr'><strong><em>τις</em></strong></span> <span class='ocrx_word' id='word_1_12' title='bbox 1527 189 1591 235; x_wconf 72' lang='grc' dir='ltr'><strong><em>ὅτι</em></strong></span> <span class='ocrx_word' id='word_1_13' title='bbox 1617 193 1654 235; x_wconf 76' lang='grc' dir='ltr'><strong><em>εἰ</em></strong></span> <span class='ocrx_word' id='word_1_14' title='bbox 1675 193 1746 235; x_wconf 82' lang='grc' dir='ltr'><strong><em>καὶ</em></strong></span> 
     </span>
     <span class='ocr_line' id='line_1_3' title="bbox 273 257 1745 318; baseline 0 -15"><span class='ocrx_word' id='word_1_15' title='bbox 273 261 332 303; x_wconf 79' lang='grc' dir='ltr'><strong><em>δι’</em></strong></span> <span class='ocrx_word' id='word_1_16' title='bbox 358 260 475 302; x_wconf 77' lang='grc' dir='ltr'><strong><em>οὐδὲν</em></strong></span> <span class='ocrx_word' id='word_1_17' title='bbox 507 260 642 316; x_wconf 69' lang='grc' dir='ltr'><strong><em>ἕτερον</em></strong></span> <span class='ocrx_word' id='word_1_18' title='bbox 674 258 779 303; x_wconf 79' lang='grc' dir='ltr'><strong><em>ἀλλά</em></strong></span> <span class='ocrx_word' id='word_1_19' title='bbox 813 277 856 316; x_wconf 83' lang='grc' dir='ltr'><strong><em>γε</em></strong></span> <span class='ocrx_word' id='word_1_20' title='bbox 888 257 1042 302; x_wconf 71' lang='grc' dir='ltr'><strong><em>ἑαυτῶν</em></strong></span> <span class='ocrx_word' id='word_1_21' title='bbox 1075 259 1190 302; x_wconf 72' lang='grc' dir='ltr'><strong><em>ἕνεκα</em></strong></span> <span class='ocrx_word' id='word_1_22' title='bbox 1213 259 1439 316; x_wconf 74' lang='grc' dir='ltr'><strong><em>φείσασθαι</em></strong></span> <span class='ocrx_word' id='word_1_23' title='bbox 1461 259 1596 304; x_wconf 75' lang='grc' dir='ltr'><strong><em>αὐτῶν</em></strong></span> <span class='ocrx_word' id='word_1_24' title='bbox 1616 259 1745 318; x_wconf 76' lang='grc' dir='ltr'><strong><em>ἄναγ-</em></strong></span> 
     </span>
     <span class='ocr_line' id='line_1_4' title="bbox 270 324 1801 387; baseline 0 -16"><span class='ocrx_word' id='word_1_25' title='bbox 270 336 387 371; x_wconf 88' lang='grc' dir='ltr'><strong><em>καΐον</em></strong></span> <span class='ocrx_word' id='word_1_26' title='bbox 426 324 627 381; x_wconf 81' lang='grc' dir='ltr'><strong><em>νομίζοιτο</em></strong></span> <span class='ocrx_word' id='word_1_27' title='bbox 670 327 747 380; x_wconf 77' lang='grc' dir='ltr'><strong><em>ἄν,</em></strong></span> <span class='ocrx_word' id='word_1_28' title='bbox 791 328 850 371; x_wconf 73' lang='grc' dir='ltr'><strong><em>ἵν’</em></strong></span> <span class='ocrx_word' id='word_1_29' title='bbox 885 326 1188 383; x_wconf 78' lang='grc' dir='ltr'><strong><em>ἀνταγωνιστὰς</em></strong></span> <span class='ocrx_word' id='word_1_30' title='bbox 1223 326 1373 378; x_wconf 77' lang='grc' dir='ltr'><strong><em>αὐτοὺς</em></strong></span> <span class='ocrx_word' id='word_1_31' title='bbox 1403 326 1560 381; x_wconf 50' lang='lat' dir='ltr'>&amp;ome</span> <span class='ocrx_word' id='word_1_32' title='bbox 1595 327 1744 387; x_wconf 72' lang='grc' dir='ltr'><strong><em>ἀρετὴν</em></strong></span> <span class='ocrx_word' id='word_1_33' title='bbox 1799 357 1801 359; x_wconf 85' lang='lat'>·</span> 
     </span>
     <span class='ocr_line' id='line_1_5' title="bbox 216 387 1743 454; baseline 0.001 -16"><span class='ocrx_word' id='word_1_34' title='bbox 216 403 248 438; x_wconf 89' lang='lat' dir='ltr'>D</span> <span class='ocrx_word' id='word_1_35' title='bbox 273 396 442 449; x_wconf 79' lang='grc' dir='ltr'><strong><em>ἀσκῶσι,</em></strong></span> <span class='ocrx_word' id='word_1_36' title='bbox 477 398 545 439; x_wconf 80' lang='grc' dir='ltr'><strong><em>καὶ</em></strong></span> <span class='ocrx_word' id='word_1_37' title='bbox 576 396 636 452; x_wconf 82' lang='grc' dir='ltr'><strong><em>μὴ</em></strong></span> <span class='ocrx_word' id='word_1_38' title='bbox 669 387 770 454; x_wconf 81' lang='grc' dir='ltr'><strong><em>πρὸς</em></strong></span> <span class='ocrx_word' id='word_1_39' title='bbox 790 394 943 452; x_wconf 73' lang='grc' dir='ltr'><strong><em>ἡδονὰς</em></strong></span> <span class='ocrx_word' id='word_1_40' title='bbox 965 398 1031 438; x_wconf 85' lang='grc' dir='ltr'><strong><em>καὶ</em></strong></span> <span class='ocrx_word' id='word_1_41' title='bbox 1054 395 1214 453; x_wconf 88' lang='grc' dir='ltr'><strong><em>τρυφὴν</em></strong></span> <span class='ocrx_word' id='word_1_42' title='bbox 1236 393 1481 452; x_wconf 80' lang='grc' dir='ltr'><strong><em>τράπωνται,</em></strong></span> <span class='ocrx_word' id='word_1_43' title='bbox 1513 399 1595 443; x_wconf 72' lang='grc' dir='ltr'><strong><em>τῶν</em></strong></span> <span class='ocrx_word' id='word_1_44' title='bbox 1617 397 1743 441; x_wconf 80' lang='grc' dir='ltr'><strong><em>δυνα-</em></strong></span> 
     </span>
    </p>

    <p class='ocr_par' dir='ltr' id='par_1_3' title="bbox 265 463 1800 1137">
     <span class='ocr_line' id='line_1_6' title="bbox 268 463 1775 525; baseline 0 -18"><span class='ocrx_word' id='word_1_45' title='bbox 268 466 399 519; x_wconf 74' lang='grc' dir='ltr'><strong><em>μένων</em></strong></span> <span class='ocrx_word' id='word_1_46' title='bbox 424 465 572 516; x_wconf 79' lang='grc' dir='ltr'><strong><em>αὐτοὺς</em></strong></span> <span class='ocrx_word' id='word_1_47' title='bbox 595 465 908 521; x_wconf 75' lang='grc' dir='ltr'><em>καταναγκάζειν</em></span> <span class='ocrx_word' id='word_1_48' title='bbox 933 466 988 515; x_wconf 77' lang='grc' dir='ltr'><strong><em>εἰς</em></strong></span> <span class='ocrx_word' id='word_1_49' title='bbox 1011 463 1181 518; x_wconf 79' lang='grc' dir='ltr'><strong><em>ἄσκησιν</em></strong></span> <span class='ocrx_word' id='word_1_50' title='bbox 1198 467 1278 506; x_wconf 83' lang='grc' dir='ltr'><strong><em>τῶν</em></strong></span> <span class='ocrx_word' id='word_1_51' title='bbox 1294 467 1775 525; x_wconf 29' lang='grc' dir='ltr'><strong><em>πολεμικῶνθπμαιρμὸ</em></strong></span> 
     </span>
     <span class='ocr_line' id='line_1_7' title="bbox 266 531 1744 590; baseline 0 -14"><span class='ocrx_word' id='word_1_52' title='bbox 266 534 437 585; x_wconf 72' lang='grc' dir='ltr'><strong><em>θέντων,</em></strong></span> <span class='ocrx_word' id='word_1_53' title='bbox 471 535 539 576; x_wconf 79' lang='grc' dir='ltr'><strong><em>καὶ</em></strong></span> <span class='ocrx_word' id='word_1_54' title='bbox 556 535 719 590; x_wconf 77' lang='grc' dir='ltr'>χείρους</span> <span class='ocrx_word' id='word_1_55' title='bbox 739 531 812 575; x_wconf 74' lang='grc' dir='ltr'><strong><em>ὑπ’</em></strong></span> <span class='ocrx_word' id='word_1_56' title='bbox 839 534 1088 587; x_wconf 84' lang='grc' dir='ltr'><strong><em>ἀνασκησίας</em></strong></span> <span class='ocrx_word' id='word_1_57' title='bbox 1110 533 1321 588; x_wconf 79' lang='grc' dir='ltr'><strong><em>γένωνται,</em></strong></span> <span class='ocrx_word' id='word_1_58' title='bbox 1365 532 1600 588; x_wconf 78' lang='grc' dir='ltr'><strong><em>ἀξιοχρέους</em></strong></span> <span class='ocrx_word' id='word_1_59' title='bbox 1629 532 1744 578; x_wconf 66' lang='grc' dir='ltr'><strong><em>ἀντι-</em></strong></span> 
     </span>
     <span class='ocr_line' id='line_1_8' title="bbox 267 596 1744 657; baseline 0.002 -14"><span class='ocrx_word' id='word_1_60' title='bbox 267 602 469 656; x_wconf 78' lang='grc' dir='ltr'><strong><em>πολέμους</em></strong></span> <span class='ocrx_word' id='word_1_61' title='bbox 500 602 558 657; x_wconf 84' lang='grc' dir='ltr'><strong><em>μὴ</em></strong></span> <span class='ocrx_word' id='word_1_62' title='bbox 593 602 761 657; x_wconf 65' lang='grc' dir='ltr'><strong><em>ἔχοντες.</em></strong></span> <span class='ocrx_word' id='word_1_63' title='bbox 832 604 874 644; x_wconf 77' lang='grc' dir='ltr'><strong><em>ἐκ</em></strong></span> <span class='ocrx_word' id='word_1_64' title='bbox 909 600 1063 644; x_wconf 85' lang='grc' dir='ltr'><strong><em>τούτων</em></strong></span> <span class='ocrx_word' id='word_1_65' title='bbox 1099 596 1170 644; x_wconf 72' lang='grc' dir='ltr'><strong><em>οὖν</em></strong></span> <span class='ocrx_word' id='word_1_66' title='bbox 1194 605 1274 644; x_wconf 85' lang='grc' dir='ltr'><strong><em>τῶν</em></strong></span> <span class='ocrx_word' id='word_1_67' title='bbox 1296 599 1426 657; x_wconf 83' lang='grc' dir='ltr'><strong><em>λόγων</em></strong></span> <span class='ocrx_word' id='word_1_68' title='bbox 1450 599 1595 652; x_wconf 82' lang='grc' dir='ltr'><strong><em>πάντες</em></strong></span> <span class='ocrx_word' id='word_1_69' title='bbox 1614 619 1744 646; x_wconf 86' lang='grc' dir='ltr'><strong><em>κατα-</em></strong></span> 
     </span>
     <span class='ocr_line' id='line_1_9' title="bbox 268 667 1744 738; baseline 0 -26"><span class='ocrx_word' id='word_1_70' title='bbox 268 669 430 725; x_wconf 80' lang='grc' dir='ltr'><strong><em>σκάψαι</em></strong></span> <span class='ocrx_word' id='word_1_71' title='bbox 453 671 526 725; x_wconf 84' lang='grc' dir='ltr'><strong><em>τὴν</em></strong></span> <span class='ocrx_word' id='word_1_72' title='bbox 551 669 800 727; x_wconf 76' lang='grc' dir='ltr'><em>Καρχηδόνα</em></span> <span class='ocrx_word' id='word_1_73' title='bbox 825 667 1192 726; x_wconf 77' lang='grc' dir='ltr'><strong><em>ὥμογνωμόνησαν,</em></strong></span> <span class='ocrx_word' id='word_1_74' title='bbox 1221 667 1377 723; x_wconf 83' lang='grc' dir='ltr'><strong><em>μήποτε</em></strong></span> <span class='ocrx_word' id='word_1_75' title='bbox 1400 667 1621 738; x_wconf 55' lang='grc' dir='ltr'><strong><em>εἴρηνήσεξν</em></strong></span> <span class='ocrx_word' id='word_1_76' title='bbox 1642 671 1744 715; x_wconf 75' lang='grc' dir='ltr'><strong><em>ἐκεί-</em></strong></span> 
     </span>
     <span class='ocr_line' id='line_1_10' title="bbox 267 728 1744 795; baseline 0.001 -15"><span class='ocrx_word' id='word_1_77' title='bbox 267 755 363 790; x_wconf 86' lang='grc' dir='ltr'><strong><em>νους</em></strong></span> <span class='ocrx_word' id='word_1_78' title='bbox 395 737 679 789; x_wconf 75' lang='grc' dir='ltr'><strong><em>πιστεύσαντες</em></strong></span> <span class='ocrx_word' id='word_1_79' title='bbox 701 739 893 795; x_wconf 79' lang='grc' dir='ltr'><strong><em>ἀκριβῶς.</em></strong></span> <span class='ocrx_word' id='word_1_80' title='bbox 960 740 1028 781; x_wconf 80' lang='grc' dir='ltr'><strong><em>καὶ</em></strong></span> <span class='ocrx_word' id='word_1_81' title='bbox 1052 742 1164 781; x_wconf 82' lang='grc' dir='ltr'><strong><em>πᾶσα</em></strong></span> <span class='ocrx_word' id='word_1_82' title='bbox 1187 736 1317 794; x_wconf 76' lang='grc' dir='ltr'><strong><em>ἄρδην</em></strong></span> <span class='ocrx_word' id='word_1_83' title='bbox 1340 735 1577 789; x_wconf 74' lang='grc' dir='ltr'><strong><em>ἀνάστατος”</em></strong></span> <span class='ocrx_word' id='word_1_84' title='bbox 1595 728 1744 795; x_wconf 48' lang='grc' dir='ltr'><strong><em>’γ’ἐγονε,</em></strong></span> 
     </span>
     <span class='ocr_line' id='line_1_11' title="bbox 266 804 1800 864; baseline 0.001 -16"><span class='ocrx_word' id='word_1_85' title='bbox 266 809 334 849; x_wconf 82' lang='grc' dir='ltr'><strong><em>καὶ</em></strong></span> <span class='ocrx_word' id='word_1_86' title='bbox 358 806 560 864; x_wconf 77' lang='grc' dir='ltr'><strong><em>ἐπάρατον</em></strong></span> <span class='ocrx_word' id='word_1_87' title='bbox 583 808 801 864; x_wconf 70' lang='grc' dir='ltr'><strong><em>ἐψηφίσθη</em></strong></span> <span class='ocrx_word' id='word_1_88' title='bbox 825 807 870 849; x_wconf 87' lang='grc' dir='ltr'><strong><em>τὸ</em></strong></span> <span class='ocrx_word' id='word_1_89' title='bbox 895 806 962 848; x_wconf 66' lang='grc' dir='ltr'><strong><em>ἐπ’</em></strong></span> <span class='ocrx_word' id='word_1_90' title='bbox 991 806 1117 862; x_wconf 76' lang='grc' dir='ltr'><strong><em>αὐτὴν</em></strong></span> <span class='ocrx_word' id='word_1_91' title='bbox 1140 810 1377 861; x_wconf 82' lang='grc' dir='ltr'><strong><em>κατοικῆσαι</em></strong></span> <span class='ocrx_word' id='word_1_92' title='bbox 1399 804 1503 849; x_wconf 86' lang='grc' dir='ltr'><strong><em>τινά.</em></strong></span> <span class='ocrx_word' id='word_1_93' title='bbox 1569 809 1639 850; x_wconf 80' lang='grc' dir='ltr'><strong><em>καὶ</em></strong></span> <span class='ocrx_word' id='word_1_94' title='bbox 1662 812 1742 852; x_wconf 82' lang='grc' dir='ltr'><strong><em>τῶν</em></strong></span> <span class='ocrx_word' id='word_1_95' title='bbox 1755 812 1800 849; x_wconf 91' lang='grc'><strong><em>10</em></strong></span> 
     </span>
     <span class='ocr_line' id='line_1_12' title="bbox 265 873 1743 932; baseline 0.001 -15"><span class='ocrx_word' id='word_1_96' title='bbox 265 875 427 931; x_wconf 80' lang='grc' dir='ltr'><strong><em>ἀνδρῶν</em></strong></span> <span class='ocrx_word' id='word_1_97' title='bbox 454 880 535 917; x_wconf 82' lang='grc' dir='ltr'><strong><em>τῶν</em></strong></span> <span class='ocrx_word' id='word_1_98' title='bbox 570 873 749 918; x_wconf 78' lang='grc' dir='ltr'><strong><em>ἁλόντων</em></strong></span> <span class='ocrx_word' id='word_1_99' title='bbox 784 874 822 918; x_wconf 80' lang='grc' dir='ltr'><strong><em>οἳ</em></strong></span> <span class='ocrx_word' id='word_1_100' title='bbox 851 875 926 930; x_wconf 75' lang='grc' dir='ltr'><strong><em>μὲν</em></strong></span> <span class='ocrx_word' id='word_1_101' title='bbox 948 876 1108 926; x_wconf 89' lang='grc' dir='ltr'><strong><em>πλειόυς</em></strong></span> <span class='ocrx_word' id='word_1_102' title='bbox 1132 875 1187 924; x_wconf 80' lang='grc' dir='ltr'><strong><em>εἷς</em></strong></span> <span class='ocrx_word' id='word_1_103' title='bbox 1209 875 1255 917; x_wconf 82' lang='grc' dir='ltr'><strong><em>τὸ</em></strong></span> <span class='ocrx_word' id='word_1_104' title='bbox 1280 873 1558 932; x_wconf 75' lang='grc' dir='ltr'><strong><em>δεσμωτήριον</em></strong></span> <span class='ocrx_word' id='word_1_105' title='bbox 1579 874 1743 931; x_wconf 71' lang='grc' dir='ltr'><strong><em>ἐνεβλή-</em></strong></span> 
     </span>
     <span class='ocr_line' id='line_1_13' title="bbox 265 941 1744 1002; baseline 0.001 -16"><span class='ocrx_word' id='word_1_106' title='bbox 265 947 404 998; x_wconf 75' lang='grc' dir='ltr'><strong><em>θησαν</em></strong></span> <span class='ocrx_word' id='word_1_107' title='bbox 437 944 556 985; x_wconf 82' lang='grc' dir='ltr'><strong><em>κάκεῖ</em></strong></span> <span class='ocrx_word' id='word_1_108' title='bbox 581 941 892 1001; x_wconf 75' lang='grc' dir='ltr'><strong><em>διεφθάρησαν,</em></strong></span> <span class='ocrx_word' id='word_1_109' title='bbox 927 943 1052 1000; x_wconf 81' lang='grc' dir='ltr'><strong><em>ὀλίγοι</em></strong></span> <span class='ocrx_word' id='word_1_110' title='bbox 1077 944 1122 986; x_wconf 80' lang='grc' dir='ltr'><strong><em>δέ</em></strong></span> <span class='ocrx_word' id='word_1_111' title='bbox 1143 960 1246 994; x_wconf 88' lang='grc' dir='ltr'><strong><em>τινες</em></strong></span> <span class='ocrx_word' id='word_1_112' title='bbox 1267 943 1372 998; x_wconf 84' lang='grc' dir='ltr'><strong><em>πλὴν</em></strong></span> <span class='ocrx_word' id='word_1_113' title='bbox 1394 947 1476 986; x_wconf 80' lang='grc' dir='ltr'><strong><em>τῶν</em></strong></span> <span class='ocrx_word' id='word_1_114' title='bbox 1498 941 1606 987; x_wconf 79' lang='grc' dir='ltr'><strong><em>πάνυ</em></strong></span> <span class='ocrx_word' id='word_1_115' title='bbox 1629 943 1744 1002; x_wconf 84' lang='grc' dir='ltr'><strong><em>πρώ-</em></strong></span> 
     </span>
     <span class='ocr_line' id='line_1_14' title="bbox 266 1006 1743 1070; baseline 0.002 -17"><span class='ocrx_word' id='word_1_116' title='bbox 266 1028 348 1054; x_wconf 91' lang='grc' dir='ltr'><strong><em>των</em></strong></span> <span class='ocrx_word' id='word_1_117' title='bbox 382 1009 648 1068; x_wconf 73' lang='grc' dir='ltr'><strong><em>ἒπράθησαν·</em></strong></span> <span class='ocrx_word' id='word_1_118' title='bbox 684 1006 795 1055; x_wconf 75' lang='grc' dir='ltr'><strong><em>οὗτοι</em></strong></span> <span class='ocrx_word' id='word_1_119' title='bbox 818 1012 897 1067; x_wconf 75' lang='grc' dir='ltr'><strong><em>γὰρ</em></strong></span> <span class='ocrx_word' id='word_1_120' title='bbox 923 1014 964 1054; x_wconf 77' lang='grc' dir='ltr'><strong><em>οῗ</em></strong></span> <span class='ocrx_word' id='word_1_121' title='bbox 986 1029 1027 1055; x_wconf 89' lang='grc' dir='ltr'><strong><em>τε</em></strong></span> <span class='ocrx_word' id='word_1_122' title='bbox 1051 1010 1198 1070; x_wconf 79' lang='grc' dir='ltr'><strong><em>ὅμηροι</em></strong></span> <span class='ocrx_word' id='word_1_123' title='bbox 1221 1013 1289 1054; x_wconf 87' lang='grc' dir='ltr'><strong><em>καὶ</em></strong></span> <span class='ocrx_word' id='word_1_124' title='bbox 1313 1009 1334 1054; x_wconf 84' lang='grc' dir='ltr'><strong><em>ὃ</em></strong></span> <span class='ocrx_word' id='word_1_125' title='bbox 1354 1009 1608 1070; x_wconf 71' lang='grc' dir='ltr'><strong><em>Ἀσδρούβας</em></strong></span> <span class='ocrx_word' id='word_1_126' title='bbox 1629 1014 1698 1056; x_wconf 81' lang='grc' dir='ltr'><strong><em>καὶ</em></strong></span> <span class='ocrx_word' id='word_1_127' title='bbox 1721 1010 1743 1056; x_wconf 85' lang='grc' dir='ltr'><strong>ὃ</strong></span> 
     </span>
     <span class='ocr_line' id='line_1_15' title="bbox 266 1079 1744 1137; baseline 0.003 -16"><span class='ocrx_word' id='word_1_128' title='bbox 266 1081 419 1130; x_wconf 72' lang='grc' dir='ltr'><strong><em>Βιθιάς</em></strong></span> <span class='ocrx_word' id='word_1_129' title='bbox 442 1079 559 1123; x_wconf 76' lang='grc' dir='ltr'><strong><em>ἄλλοι</em></strong></span> <span class='ocrx_word' id='word_1_130' title='bbox 582 1080 685 1137; x_wconf 79' lang='grc' dir='ltr'><strong><em>ἄλλῃ</em></strong></span> <span class='ocrx_word' id='word_1_131' title='bbox 710 1085 782 1135; x_wconf 84' lang='grc' dir='ltr'><strong><em>τῆς</em></strong></span> <span class='ocrx_word' id='word_1_132' title='bbox 798 1080 970 1130; x_wconf 82' lang='grc' dir='ltr'><strong><em>Ἰταλίας</em></strong></span> <span class='ocrx_word' id='word_1_133' title='bbox 989 1081 1031 1123; x_wconf 77' lang='grc' dir='ltr'><strong><em>ἐν</em></strong></span> <span class='ocrx_word' id='word_1_134' title='bbox 1054 1087 1256 1137; x_wconf 82' lang='grc' dir='ltr'><strong><em>φρουραῖς</em></strong></span> <span class='ocrx_word' id='word_1_135' title='bbox 1272 1080 1463 1134; x_wconf 78' lang='grc' dir='ltr'><strong><em>ἀδέσμοις</em></strong></span> <span class='ocrx_word' id='word_1_136' title='bbox 1478 1081 1744 1135; x_wconf 82' lang='grc' dir='ltr'><strong><em>κατεβίωσαν.</em></strong></span> 
     </span>
    </p>

    <p class='ocr_par' dir='ltr' id='par_1_4' title="bbox 101 1145 1798 1274">
     <span class='ocr_line' id='line_1_16' title="bbox 101 1145 1798 1206; baseline 0.004 -20"><span class='ocrx_word' id='word_1_137' title='bbox 101 1153 126 1186; x_wconf 86' lang='grc' dir='ltr'>Ρ</span> <span class='ocrx_word' id='word_1_138' title='bbox 145 1154 161 1187; x_wconf 88' lang='grc' dir='ltr'>Ι</span> <span class='ocrx_word' id='word_1_139' title='bbox 177 1152 247 1190; x_wconf 78' lang='lat'><strong><em>470</em></strong></span> <span class='ocrx_word' id='word_1_140' title='bbox 269 1145 288 1191; x_wconf 80' lang='grc' dir='ltr'><em>ὃ</em></span> <span class='ocrx_word' id='word_1_141' title='bbox 315 1149 360 1191; x_wconf 82' lang='grc' dir='ltr'><strong><em>δὲ</em></strong></span> <span class='ocrx_word' id='word_1_142' title='bbox 383 1149 560 1191; x_wconf 81' lang='grc' dir='ltr'><strong><em>Σκιπίων</em></strong></span> <span class='ocrx_word' id='word_1_143' title='bbox 584 1147 707 1203; x_wconf 81' lang='grc' dir='ltr'><strong><em>δόξης</em></strong></span> <span class='ocrx_word' id='word_1_144' title='bbox 731 1165 774 1192; x_wconf 89' lang='grc' dir='ltr'><strong><em>τε</em></strong></span> <span class='ocrx_word' id='word_1_145' title='bbox 797 1147 908 1203; x_wconf 69' lang='grc' dir='ltr'><strong><em>ἔτυχε</em></strong></span> <span class='ocrx_word' id='word_1_146' title='bbox 933 1150 1000 1191; x_wconf 83' lang='grc' dir='ltr'><strong><em>καὶ</em></strong></span> <span class='ocrx_word' id='word_1_147' title='bbox 1023 1154 1142 1203; x_wconf 83' lang='grc' dir='ltr'><strong><em>τιμῆς</em></strong></span> <span class='ocrx_word' id='word_1_148' title='bbox 1150 1180 1163 1200; x_wconf 93' lang='grc'><strong><em>,</em></strong></span> <span class='ocrx_word' id='word_1_149' title='bbox 1206 1150 1274 1191; x_wconf 83' lang='grc' dir='ltr'><strong><em>καὶ</em></strong></span> <span class='ocrx_word' id='word_1_150' title='bbox 1297 1148 1540 1206; x_wconf 85' lang='grc' dir='ltr'><strong><em>Ἀφρικανὸς</em></strong></span> <span class='ocrx_word' id='word_1_151' title='bbox 1561 1150 1635 1205; x_wconf 74' lang='grc' dir='ltr'><strong><em>οὐκ</em></strong></span> <span class='ocrx_word' id='word_1_152' title='bbox 1660 1149 1740 1194; x_wconf 79' lang='grc' dir='ltr'><strong><em>ἀπὸ</em></strong></span> <span class='ocrx_word' id='word_1_153' title='bbox 1753 1157 1798 1193; x_wconf 73' lang='lat' dir='ltr'><strong><em>lb</em></strong></span> 
     </span>
     <span class='ocr_line' id='line_1_17' title="bbox 266 1215 1517 1274; baseline -0.001 -14"><span class='ocrx_word' id='word_1_154' title='bbox 266 1221 340 1260; x_wconf 87' lang='grc' dir='ltr'><strong><em>τοῦ</em></strong></span> <span class='ocrx_word' id='word_1_155' title='bbox 362 1215 529 1260; x_wconf 85' lang='grc' dir='ltr'><strong><em>πάππου</em></strong></span> <span class='ocrx_word' id='word_1_156' title='bbox 554 1217 650 1259; x_wconf 78' lang='grc' dir='ltr'><strong><em>ἀλλ’</em></strong></span> <span class='ocrx_word' id='word_1_157' title='bbox 677 1217 756 1261; x_wconf 80' lang='grc' dir='ltr'><strong><em>ἀπὸ</em></strong></span> <span class='ocrx_word' id='word_1_158' title='bbox 782 1221 862 1259; x_wconf 81' lang='grc' dir='ltr'><strong><em>τῶν</em></strong></span> <span class='ocrx_word' id='word_1_159' title='bbox 885 1218 1040 1260; x_wconf 79' lang='grc' dir='ltr'><strong><em>οἰκείων</em></strong></span> <span class='ocrx_word' id='word_1_160' title='bbox 1063 1217 1297 1272; x_wconf 76' lang='grc' dir='ltr'><strong><em>ἐπεκέκλητο</em></strong></span> <span class='ocrx_word' id='word_1_161' title='bbox 1321 1215 1517 1274; x_wconf 78' lang='grc' dir='ltr'><strong><em>πράξεων.</em></strong></span> 
     </span>
    </p>

    <p class='ocr_par' dir='ltr' id='par_1_5' title="bbox 266 1283 1820 1620">
     <span class='ocr_line' id='line_1_18' title="bbox 403 1283 1744 1343; baseline 0.001 -16"><span class='ocrx_word' id='word_1_162' title='bbox 403 1285 472 1327; x_wconf 84' lang='grc'><strong><em>31.</em></strong></span> <span class='ocrx_word' id='word_1_163' title='bbox 544 1285 647 1328; x_wconf 83' lang='grc' dir='ltr'><strong><em>Τότε</em></strong></span> <span class='ocrx_word' id='word_1_164' title='bbox 681 1287 725 1328; x_wconf 83' lang='grc' dir='ltr'><strong><em>δὲ</em></strong></span> <span class='ocrx_word' id='word_1_165' title='bbox 758 1288 825 1327; x_wconf 86' lang='grc' dir='ltr'><strong><em>καὶ</em></strong></span> <span class='ocrx_word' id='word_1_166' title='bbox 860 1283 885 1339; x_wconf 73' lang='grc' dir='ltr'><strong><em>’ἦ</em></strong></span> <span class='ocrx_word' id='word_1_167' title='bbox 920 1285 1129 1342; x_wconf 76' lang='grc' dir='ltr'><strong><em>Κόρινθος</em></strong></span> <span class='ocrx_word' id='word_1_168' title='bbox 1160 1283 1411 1342; x_wconf 80' lang='grc' dir='ltr'><strong><em>κατεσκάφη.</em></strong></span> <span class='ocrx_word' id='word_1_169' title='bbox 1479 1286 1562 1328; x_wconf 73' lang='grc' dir='ltr'><strong><em>ἐπεὶ</em></strong></span> <span class='ocrx_word' id='word_1_170' title='bbox 1593 1285 1672 1343; x_wconf 80' lang='grc' dir='ltr'><strong><em>γὰρ</em></strong></span> <span class='ocrx_word' id='word_1_171' title='bbox 1705 1285 1744 1328; x_wconf 81' lang='grc' dir='ltr'><strong><em>οἳ</em></strong></span> 
     </span>
     <span class='ocr_line' id='line_1_19' title="bbox 266 1351 1744 1412; baseline 0 -16"><span class='ocrx_word' id='word_1_172' title='bbox 266 1357 347 1396; x_wconf 84' lang='grc' dir='ltr'><strong><em>τιῦν</em></strong></span> <span class='ocrx_word' id='word_1_173' title='bbox 376 1351 580 1408; x_wconf 82' lang='grc' dir='ltr'><strong><em>Ἑλλήνων</em></strong></span> <span class='ocrx_word' id='word_1_174' title='bbox 620 1352 936 1410; x_wconf 86' lang='grc' dir='ltr'><strong><em>κορυφαιότατοι</em></strong></span> <span class='ocrx_word' id='word_1_175' title='bbox 972 1352 1051 1397; x_wconf 70' lang='grc' dir='ltr'><strong><em>ὑπὸ</em></strong></span> <span class='ocrx_word' id='word_1_176' title='bbox 1078 1353 1249 1396; x_wconf 81' lang='grc' dir='ltr'><strong><em>Παύλου</em></strong></span> <span class='ocrx_word' id='word_1_177' title='bbox 1285 1358 1357 1397; x_wconf 82' lang='grc' dir='ltr'><strong><em>τοῦ</em></strong></span> <span class='ocrx_word' id='word_1_178' title='bbox 1380 1354 1579 1407; x_wconf 75' lang='grc' dir='ltr'><strong><em>Αἰμιλίου</em></strong></span> <span class='ocrx_word' id='word_1_179' title='bbox 1609 1371 1744 1412; x_wconf 79' lang='grc' dir='ltr'><strong><em>μετῳ-</em></strong></span> 
     </span>
     <span class='ocr_line' id='line_1_20' title="bbox 267 1422 1745 1480; baseline 0.001 -17"><span class='ocrx_word' id='word_1_180' title='bbox 267 1422 470 1475; x_wconf 77' lang='grc' dir='ltr'><strong><em>κίσθησαν</em></strong></span> <span class='ocrx_word' id='word_1_181' title='bbox 505 1425 562 1472; x_wconf 82' lang='grc' dir='ltr'><strong><em>εἷς</em></strong></span> <span class='ocrx_word' id='word_1_182' title='bbox 595 1422 668 1477; x_wconf 86' lang='grc' dir='ltr'><strong><em>τὴν</em></strong></span> <span class='ocrx_word' id='word_1_183' title='bbox 695 1423 894 1473; x_wconf 81' lang='grc' dir='ltr'><strong><em>Ἰταλίαν,</em></strong></span> <span class='ocrx_word' id='word_1_184' title='bbox 929 1423 966 1464; x_wconf 78' lang='grc' dir='ltr'><strong><em>οἱ</em></strong></span> <span class='ocrx_word' id='word_1_185' title='bbox 999 1424 1131 1475; x_wconf 80' lang='grc' dir='ltr'><strong><em>λοιποὶ</em></strong></span> <span class='ocrx_word' id='word_1_186' title='bbox 1163 1422 1208 1464; x_wconf 84' lang='grc' dir='ltr'><strong><em>τὸ</em></strong></span> <span class='ocrx_word' id='word_1_187' title='bbox 1233 1422 1307 1477; x_wconf 77' lang='grc' dir='ltr'><strong><em>μὲν</em></strong></span> <span class='ocrx_word' id='word_1_188' title='bbox 1331 1427 1491 1480; x_wconf 82' lang='grc' dir='ltr'><strong><em>πρῶτον</em></strong></span> <span class='ocrx_word' id='word_1_189' title='bbox 1513 1424 1745 1478; x_wconf 77' lang='grc' dir='ltr'><strong><em>πρεσβείαις</em></strong></span> 
     </span>
     <span class='ocr_line' id='line_1_21' title="bbox 266 1488 1798 1547; baseline 0.003 -14"><span class='ocrx_word' id='word_1_190' title='bbox 266 1490 363 1545; x_wconf 82' lang='grc' dir='ltr'><strong><em>τούς</em></strong></span> <span class='ocrx_word' id='word_1_191' title='bbox 394 1490 548 1544; x_wconf 76' lang='grc' dir='ltr'><strong><em>ἄνδρας</em></strong></span> <span class='ocrx_word' id='word_1_192' title='bbox 571 1489 775 1547; x_wconf 81' lang='grc' dir='ltr'><strong><em>ἀπῄτουν,</em></strong></span> <span class='ocrx_word' id='word_1_193' title='bbox 813 1488 868 1541; x_wconf 80' lang='grc' dir='ltr'><strong><em>ὡς</em></strong></span> <span class='ocrx_word' id='word_1_194' title='bbox 902 1491 944 1532; x_wconf 78' lang='grc' dir='ltr'><strong><em>δ’</em></strong></span> <span class='ocrx_word' id='word_1_195' title='bbox 971 1491 1044 1533; x_wconf 84' lang='grc' dir='ltr'><strong><em>οὐκ</em></strong></span> <span class='ocrx_word' id='word_1_196' title='bbox 1069 1491 1209 1544; x_wconf 72' lang='grc' dir='ltr'><strong><em>ἔτυχον</em></strong></span> <span class='ocrx_word' id='word_1_197' title='bbox 1219 1523 1233 1542; x_wconf 89' lang='grc'><strong><em>,</em></strong></span> <span class='ocrx_word' id='word_1_198' title='bbox 1268 1492 1339 1533; x_wconf 88' lang='grc' dir='ltr'><strong><em>καί</em></strong></span> <span class='ocrx_word' id='word_1_199' title='bbox 1367 1508 1469 1541; x_wconf 87' lang='grc' dir='ltr'><strong><em>τινες</em></strong></span> <span class='ocrx_word' id='word_1_200' title='bbox 1487 1491 1644 1534; x_wconf 77' lang='grc' dir='ltr'><strong><em>ἐκείνων</em></strong></span> <span class='ocrx_word' id='word_1_201' title='bbox 1667 1491 1798 1547; x_wconf 77' lang='grc' dir='ltr'><strong><em>τὴν20</em></strong></span> 
     </span>
     <span class='ocr_line' id='line_1_22' title="bbox 266 1553 1820 1620; baseline 0.001 -20"><span class='ocrx_word' id='word_1_202' title='bbox 266 1559 403 1601; x_wconf 74' lang='grc' dir='ltr'><strong><em>οἴκαδε</em></strong></span> <span class='ocrx_word' id='word_1_203' title='bbox 439 1557 681 1614; x_wconf 82' lang='grc' dir='ltr'><strong><em>ἀπογνόντες</em></strong></span> <span class='ocrx_word' id='word_1_204' title='bbox 703 1557 901 1602; x_wconf 77' lang='grc' dir='ltr'><strong><em>ἐπάνοδον</em></strong></span> <span class='ocrx_word' id='word_1_205' title='bbox 924 1557 1093 1610; x_wconf 71' lang='grc' dir='ltr'><strong><em>ἑαυτοὺς</em></strong></span> <span class='ocrx_word' id='word_1_206' title='bbox 1122 1553 1408 1616; x_wconf 77' lang='grc' dir='ltr'><strong><em>διεχρήσαντο,</em></strong></span> <span class='ocrx_word' id='word_1_207' title='bbox 1449 1562 1638 1613; x_wconf 81' lang='grc' dir='ltr'><strong><em>χαλεπῶς</em></strong></span> <span class='ocrx_word' id='word_1_208' title='bbox 1660 1560 1744 1603; x_wconf 79' lang='grc' dir='ltr'><strong><em>διέ-</em></strong></span> <span class='ocrx_word' id='word_1_209' title='bbox 1819 1593 1820 1620; x_wconf 44' lang='lat'>3</span> 
     </span>
    </p>

    <p class='ocr_par' dir='ltr' id='par_1_6' title="bbox 358 1655 1820 1767">
     <span class='ocr_line' id='line_1_23' title="bbox 358 1655 1820 1721; baseline 0.001 -10"><span class='ocrx_word' id='word_1_210' title='bbox 358 1678 377 1712; x_wconf 91' lang='lat'><em>1</em></span> <span class='ocrx_word' id='word_1_211' title='bbox 402 1675 467 1710; x_wconf 83' lang='grc' dir='ltr'><strong><em>καὶ</em></strong></span> <span class='ocrx_word' id='word_1_212' title='bbox 489 1676 656 1721; x_wconf 85' lang='lat' dir='ltr'>alterum]</span> <span class='ocrx_word' id='word_1_213' title='bbox 680 1672 730 1720; x_wconf 87' lang='grc' dir='ltr'><strong><em>μὴ</em></strong></span> <span class='ocrx_word' id='word_1_214' title='bbox 755 1677 798 1720; x_wconf 88' lang='grc' dir='ltr'><strong><em>Α,</em></strong></span> <span class='ocrx_word' id='word_1_215' title='bbox 820 1673 884 1711; x_wconf 84' lang='grc' dir='ltr'><strong><em>καὶ</em></strong></span> <span class='ocrx_word' id='word_1_216' title='bbox 906 1672 956 1721; x_wconf 84' lang='grc' dir='ltr'><strong><em>μὴ</em></strong></span> <span class='ocrx_word' id='word_1_217' title='bbox 979 1677 1022 1715; x_wconf 89' lang='grc' dir='ltr'><strong><em>Β.</em></strong></span> <span class='ocrx_word' id='word_1_218' title='bbox 1136 1677 1159 1713; x_wconf 89' lang='grc'><strong>6</strong></span> <span class='ocrx_word' id='word_1_219' title='bbox 1181 1672 1466 1721; x_wconf 76' lang='grc' dir='ltr'><strong><em>ἀντιπολεμίους</em></strong></span> <span class='ocrx_word' id='word_1_220' title='bbox 1489 1677 1534 1712; x_wconf 84' lang='grc' dir='ltr'><strong><em>Α.</em></strong></span> <span class='ocrx_word' id='word_1_221' title='bbox 1637 1677 1658 1713; x_wconf 84' lang='grc'><strong>7</strong></span> <span class='ocrx_word' id='word_1_222' title='bbox 1683 1675 1744 1721; x_wconf 82' lang='grc' dir='ltr'><strong><em>ἐκ]</em></strong></span> <span class='ocrx_word' id='word_1_223' title='bbox 1819 1655 1820 1710; x_wconf 52' lang='lat' dir='ltr'>l</span> 
     </span>
     <span class='ocr_line' id='line_1_24' title="bbox 358 1718 1749 1767; baseline 0.001 -11"><span class='ocrx_word' id='word_1_224' title='bbox 358 1718 414 1756; x_wconf 74' lang='grc' dir='ltr'><strong><em>ἵν’</em></strong></span> <span class='ocrx_word' id='word_1_225' title='bbox 441 1718 481 1756; x_wconf 77' lang='grc' dir='ltr'><strong><em>ἐκ</em></strong></span> <span class='ocrx_word' id='word_1_226' title='bbox 506 1723 547 1758; x_wconf 93' lang='grc' dir='ltr'><strong><em>Α.</em></strong></span> <span class='ocrx_word' id='word_1_227' title='bbox 687 1721 711 1756; x_wconf 87' lang='grc'>8</span> <span class='ocrx_word' id='word_1_228' title='bbox 733 1720 1048 1767; x_wconf 83' lang='grc' dir='ltr'><strong><em>ὃμογνωμόνησαν</em></strong></span> <span class='ocrx_word' id='word_1_229' title='bbox 1070 1722 1115 1760; x_wconf 86' lang='lat' dir='ltr'><strong><em>A.</em></strong></span> <span class='ocrx_word' id='word_1_230' title='bbox 1233 1723 1277 1758; x_wconf 81' lang='lat'><strong><em>12</em></strong></span> <span class='ocrx_word' id='word_1_231' title='bbox 1303 1723 1452 1767; x_wconf 78' lang='grc' dir='ltr'><strong><em>πρῶτον</em></strong></span> <span class='ocrx_word' id='word_1_232' title='bbox 1475 1723 1516 1757; x_wconf 84' lang='grc' dir='ltr'><strong><em>Β.</em></strong></span> <span class='ocrx_word' id='word_1_233' title='bbox 1641 1722 1689 1761; x_wconf 83' lang='grc'><strong><em>17</em></strong></span> <span class='ocrx_word' id='word_1_234' title='bbox 1707 1721 1749 1758; x_wconf 76' lang='grc' dir='ltr'><strong><em>οἱ</em></strong></span> 
     </span>
    </p>
   </div>
   <div class='ocr_carea' id='block_1_3' title="bbox 356 1763 1745 1859">
    <p class='ocr_par' dir='ltr' id='par_1_7' title="bbox 356 1763 1745 1859">
     <span class='ocr_line' id='line_1_25' title="bbox 356 1763 1745 1812; baseline 0.001 -11"><span class='ocrx_word' id='word_1_235' title='bbox 356 1768 430 1801; x_wconf 80' lang='grc' dir='ltr'><strong><em>τῶν</em></strong></span> <span class='ocrx_word' id='word_1_236' title='bbox 462 1763 622 1812; x_wconf 80' lang='grc' dir='ltr'><strong><em>ἕλλήυων</em></strong></span> <span class='ocrx_word' id='word_1_237' title='bbox 644 1768 758 1812; x_wconf 87' lang='lat' dir='ltr'>ABC,</span> <span class='ocrx_word' id='word_1_238' title='bbox 793 1769 867 1802; x_wconf 81' lang='grc' dir='ltr'><strong><em>τῶν</em></strong></span> <span class='ocrx_word' id='word_1_239' title='bbox 881 1767 1066 1812; x_wconf 81' lang='grc' dir='ltr'><strong><em>Ἑλλήνων</em></strong></span> <span class='ocrx_word' id='word_1_240' title='bbox 1099 1765 1138 1803; x_wconf 81' lang='grc' dir='ltr'><strong><em>οἴ</em></strong></span> <span class='ocrx_word' id='word_1_241' title='bbox 1159 1770 1250 1804; x_wconf 88' lang='lat' dir='ltr'><strong><em>PW.</em></strong></span> <span class='ocrx_word' id='word_1_242' title='bbox 1434 1768 1479 1803; x_wconf 88' lang='grc'><strong><em>18</em></strong></span> <span class='ocrx_word' id='word_1_243' title='bbox 1501 1766 1646 1804; x_wconf 73' lang='grc' dir='ltr'><strong><em>παύλου</em></strong></span> <span class='ocrx_word' id='word_1_244' title='bbox 1677 1781 1745 1805; x_wconf 86' lang='grc' dir='ltr'><strong><em>του</em></strong></span> 
     </span>
     <span class='ocr_line' id='line_1_26' title="bbox 359 1811 1606 1859; baseline 0.003 -12"><span class='ocrx_word' id='word_1_245' title='bbox 359 1812 522 1858; x_wconf 75' lang='grc' dir='ltr'><strong><em>αι’μιλίου</em></strong></span> <span class='ocrx_word' id='word_1_246' title='bbox 547 1815 587 1857; x_wconf 87' lang='grc' dir='ltr'><strong><em>Β,</em></strong></span> <span class='ocrx_word' id='word_1_247' title='bbox 613 1814 680 1848; x_wconf 83' lang='grc' dir='ltr'><strong><em>τοῦ</em></strong></span> <span class='ocrx_word' id='word_1_248' title='bbox 705 1811 860 1849; x_wconf 82' lang='grc' dir='ltr'><strong><em>Παύλου</em></strong></span> <span class='ocrx_word' id='word_1_249' title='bbox 884 1811 1053 1859; x_wconf 80' lang='grc' dir='ltr'><strong><em>Αἰμιλίου</em></strong></span> <span class='ocrx_word' id='word_1_250' title='bbox 1079 1815 1167 1851; x_wconf 80' lang='lat' dir='ltr'><strong><em>PW.</em></strong></span> <span class='ocrx_word' id='word_1_251' title='bbox 1305 1811 1460 1849; x_wconf 84' lang='grc' dir='ltr'><strong><em>Παύλου</em></strong></span> <span class='ocrx_word' id='word_1_252' title='bbox 1484 1826 1539 1858; x_wconf 72' lang='lat' dir='ltr'><strong><em>om</em></strong></span> <span class='ocrx_word' id='word_1_253' title='bbox 1561 1815 1606 1853; x_wconf 80' lang='lat' dir='ltr'><strong><em>A.</em></strong></span> 
     </span>
    </p>
   </div>
   <div class='ocr_carea' id='block_1_4' title="bbox 356 1901 1754 2002">
    <p class='ocr_par' dir='ltr' id='par_1_8' title="bbox 356 1901 1754 2002">
     <span class='ocr_line' id='line_1_27' title="bbox 402 1901 1754 1954; baseline 0.002 -15"><span class='ocrx_word' id='word_1_254' title='bbox 402 1905 575 1939; x_wconf 68' lang='lat' dir='ltr'>Fomsss.</span> <span class='ocrx_word' id='word_1_255' title='bbox 627 1906 716 1949; x_wconf 84' lang='lat' dir='ltr'><strong><em>Cap.</em></strong></span> <span class='ocrx_word' id='word_1_256' title='bbox 739 1904 798 1940; x_wconf 83' lang='lat'><strong><em>31.</em></strong></span> <span class='ocrx_word' id='word_1_257' title='bbox 847 1905 976 1940; x_wconf 78' lang='lat' dir='ltr'>Dionis</span> <span class='ocrx_word' id='word_1_258' title='bbox 1007 1906 1189 1942; x_wconf 73' lang='lat' dir='ltr'><strong><em>Historiae</em></strong></span> <span class='ocrx_word' id='word_1_259' title='bbox 1217 1907 1403 1942; x_wconf 81' lang='lat' dir='ltr'><em>Romanae</em></span> <span class='ocrx_word' id='word_1_260' title='bbox 1440 1905 1522 1941; x_wconf 74' lang='lat' dir='ltr'>libra·</span> <span class='ocrx_word' id='word_1_261' title='bbox 1551 1901 1754 1954; x_wconf 45' lang='lat' dir='ltr'>deperdit&amp;</span> 
     </span>
     <span class='ocr_line' id='line_1_28' title="bbox 356 1951 929 2002; baseline 0 -18"><span class='ocrx_word' id='word_1_262' title='bbox 356 1956 566 1995; x_wconf 75' lang='lat' dir='ltr'>excerptam</span> <span class='ocrx_word' id='word_1_263' title='bbox 595 1951 827 2002; x_wconf 64' lang='lat' dir='ltr'>Ursiniauum</span> <span class='ocrx_word' id='word_1_264' title='bbox 852 1951 929 1987; x_wconf 86' lang='lat'>165.</span> 
     </span>
    </p>
   </div>
   <div class='ocr_carea' id='block_1_5' title="bbox 264 2051 1747 2787">
    <p class='ocr_par' dir='ltr' id='par_1_9' title="bbox 264 2051 1747 2648">
     <span class='ocr_line' id='line_1_29' title="bbox 266 2051 1746 2099; baseline 0.003 -15"><span class='ocrx_word' id='word_1_265' title='bbox 266 2057 344 2086; x_wconf 79' lang='lat' dir='ltr'>orta</span> <span class='ocrx_word' id='word_1_266' title='bbox 377 2055 432 2085; x_wconf 86' lang='lat' dir='ltr'>est</span> <span class='ocrx_word' id='word_1_267' title='bbox 461 2051 647 2086; x_wconf 75' lang='lat' dir='ltr'>dissensio.</span> <span class='ocrx_word' id='word_1_268' title='bbox 697 2052 838 2098; x_wconf 83' lang='lat' dir='ltr'>quidam</span> <span class='ocrx_word' id='word_1_269' title='bbox 863 2064 947 2087; x_wconf 86' lang='lat' dir='ltr'>vero</span> <span class='ocrx_word' id='word_1_270' title='bbox 971 2052 1079 2096; x_wconf 81' lang='lat' dir='ltr'>dixit,</span> <span class='ocrx_word' id='word_1_271' title='bbox 1104 2053 1136 2087; x_wconf 88' lang='lat' dir='ltr'><strong><em>si</em></strong></span> <span class='ocrx_word' id='word_1_272' title='bbox 1158 2052 1253 2088; x_wconf 81' lang='lat' dir='ltr'>nulla</span> <span class='ocrx_word' id='word_1_273' title='bbox 1275 2053 1343 2088; x_wconf 79' lang='lat' dir='ltr'>alia</span> <span class='ocrx_word' id='word_1_274' title='bbox 1366 2053 1411 2088; x_wconf 84' lang='lat' dir='ltr'>de</span> <span class='ocrx_word' id='word_1_275' title='bbox 1437 2064 1566 2096; x_wconf 74' lang='lat' dir='ltr'>causa,</span> <span class='ocrx_word' id='word_1_276' title='bbox 1598 2059 1746 2099; x_wconf 85' lang='lat' dir='ltr'>propter</span> 
     </span>
     <span class='ocr_line' id='line_1_30' title="bbox 264 2097 1746 2144; baseline 0.002 -13"><span class='ocrx_word' id='word_1_277' title='bbox 264 2097 362 2142; x_wconf 84' lang='lat' dir='ltr'>ipsos</span> <span class='ocrx_word' id='word_1_278' title='bbox 384 2097 558 2132; x_wconf 80' lang='lat' dir='ltr'>Romanos</span> <span class='ocrx_word' id='word_1_279' title='bbox 581 2099 701 2132; x_wconf 80' lang='lat' dir='ltr'>saltem</span> <span class='ocrx_word' id='word_1_280' title='bbox 734 2099 785 2133; x_wconf 86' lang='lat' dir='ltr'><strong><em>eis</em></strong></span> <span class='ocrx_word' id='word_1_281' title='bbox 815 2099 910 2144; x_wconf 82' lang='lat' dir='ltr'>parci</span> <span class='ocrx_word' id='word_1_282' title='bbox 948 2109 1091 2133; x_wconf 85' lang='lat' dir='ltr'>necesse</span> <span class='ocrx_word' id='word_1_283' title='bbox 1123 2110 1222 2141; x_wconf 84' lang='lat' dir='ltr'>esse,</span> <span class='ocrx_word' id='word_1_284' title='bbox 1254 2104 1294 2134; x_wconf 85' lang='lat' dir='ltr'><strong><em>ut</em></strong></span> <span class='ocrx_word' id='word_1_285' title='bbox 1323 2098 1546 2134; x_wconf 76' lang='lat' dir='ltr'>adversarios</span> <span class='ocrx_word' id='word_1_286' title='bbox 1574 2099 1746 2135; x_wconf 72' lang='lat' dir='ltr'>habentes</span> 
     </span>
     <span class='ocr_line' id='line_1_31' title="bbox 268 2143 1745 2188; baseline 0.003 -12"><span class='ocrx_word' id='word_1_287' title='bbox 268 2143 428 2177; x_wconf 80' lang='lat' dir='ltr'>virtutem</span> <span class='ocrx_word' id='word_1_288' title='bbox 452 2149 669 2187; x_wconf 83' lang='lat' dir='ltr'>exercerent,</span> <span class='ocrx_word' id='word_1_289' title='bbox 692 2156 806 2188; x_wconf 86' lang='lat' dir='ltr'>neque</span> <span class='ocrx_word' id='word_1_290' title='bbox 830 2145 874 2179; x_wconf 86' lang='lat' dir='ltr'><strong><em>ad</em></strong></span> <span class='ocrx_word' id='word_1_291' title='bbox 897 2145 1013 2179; x_wconf 84' lang='lat' dir='ltr'>luxum</span> <span class='ocrx_word' id='word_1_292' title='bbox 1040 2149 1078 2178; x_wconf 88' lang='lat' dir='ltr'>et</span> <span class='ocrx_word' id='word_1_293' title='bbox 1100 2145 1244 2180; x_wconf 78' lang='lat' dir='ltr'>delicias</span> <span class='ocrx_word' id='word_1_294' title='bbox 1265 2150 1575 2187; x_wconf 71' lang='lat' dir='ltr'>converterentur,</span> <span class='ocrx_word' id='word_1_295' title='bbox 1597 2147 1745 2181; x_wconf 79' lang='lat' dir='ltr'>sublatis</span> 
     </span>
     <span class='ocr_line' id='line_1_32' title="bbox 265 2189 1747 2238; baseline 0.003 -16"><span class='ocrx_word' id='word_1_296' title='bbox 265 2189 310 2223; x_wconf 87' lang='lat' dir='ltr'><strong><em>iis</em></strong></span> <span class='ocrx_word' id='word_1_297' title='bbox 343 2201 363 2222; x_wconf 84' lang='lat' dir='ltr'><strong>a</strong></span> <span class='ocrx_word' id='word_1_298' title='bbox 388 2190 513 2233; x_wconf 80' lang='lat' dir='ltr'>quibus</span> <span class='ocrx_word' id='word_1_299' title='bbox 537 2190 582 2224; x_wconf 79' lang='lat' dir='ltr'><strong><em>ad</em></strong></span> <span class='ocrx_word' id='word_1_300' title='bbox 615 2190 668 2224; x_wconf 84' lang='lat' dir='ltr'><strong><em>rei</em></strong></span> <span class='ocrx_word' id='word_1_301' title='bbox 699 2191 845 2225; x_wconf 81' lang='lat' dir='ltr'>bellicae</span> <span class='ocrx_word' id='word_1_302' title='bbox 868 2190 1150 2225; x_wconf 75' lang='lat' dir='ltr'>exercitationem</span> <span class='ocrx_word' id='word_1_303' title='bbox 1175 2195 1408 2235; x_wconf 72' lang='lat' dir='ltr'>cogerentur-3</span> <span class='ocrx_word' id='word_1_304' title='bbox 1446 2202 1537 2227; x_wconf 80' lang='lat' dir='ltr'>neve</span> <span class='ocrx_word' id='word_1_305' title='bbox 1553 2190 1622 2236; x_wconf 68' lang='lat' dir='ltr'>&#39;per</span> <span class='ocrx_word' id='word_1_306' title='bbox 1643 2192 1747 2238; x_wconf 80' lang='lat' dir='ltr'>igna-</span> 
     </span>
     <span class='ocr_line' id='line_1_33' title="bbox 268 2235 1747 2281; baseline 0.003 -13"><span class='ocrx_word' id='word_1_307' title='bbox 268 2235 360 2269; x_wconf 78' lang='lat' dir='ltr'>viam</span> <span class='ocrx_word' id='word_1_308' title='bbox 384 2235 578 2270; x_wconf 81' lang='lat' dir='ltr'>deteriores</span> <span class='ocrx_word' id='word_1_309' title='bbox 601 2236 739 2280; x_wconf 84' lang='lat' dir='ltr'>fierent,</span> <span class='ocrx_word' id='word_1_310' title='bbox 762 2237 905 2281; x_wconf 76' lang='lat' dir='ltr'>paribus</span> <span class='ocrx_word' id='word_1_311' title='bbox 929 2236 1139 2271; x_wconf 82' lang='lat' dir='ltr'>adversariis</span> <span class='ocrx_word' id='word_1_312' title='bbox 1161 2241 1333 2271; x_wconf 80' lang='lat' dir='ltr'>carentes.</span> <span class='ocrx_word' id='word_1_313' title='bbox 1381 2237 1521 2273; x_wconf 75' lang='lat' dir='ltr'>tandem</span> <span class='ocrx_word' id='word_1_314' title='bbox 1542 2242 1657 2272; x_wconf 68' lang='lat' dir='ltr'>tomen</span> <span class='ocrx_word' id='word_1_315' title='bbox 1677 2249 1747 2273; x_wconf 77' lang='lat' dir='ltr'>una</span> 
     </span>
     <span class='ocr_line' id='line_1_34' title="bbox 267 2281 1747 2327; baseline 0.003 -13"><span class='ocrx_word' id='word_1_316' title='bbox 267 2281 415 2315; x_wconf 82' lang='lat' dir='ltr'>omnium</span> <span class='ocrx_word' id='word_1_317' title='bbox 439 2281 614 2317; x_wconf 81' lang='lat' dir='ltr'>sententia</span> <span class='ocrx_word' id='word_1_318' title='bbox 648 2283 715 2317; x_wconf 86' lang='lat' dir='ltr'>fuit</span> <span class='ocrx_word' id='word_1_319' title='bbox 739 2283 986 2327; x_wconf 77' lang='lat' dir='ltr'>Carthaginem</span> <span class='ocrx_word' id='word_1_320' title='bbox 1011 2282 1234 2316; x_wconf 85' lang='lat' dir='ltr'>evertendam</span> <span class='ocrx_word' id='word_1_321' title='bbox 1266 2293 1364 2326; x_wconf 82' lang='lat' dir='ltr'>esse,</span> <span class='ocrx_word' id='word_1_322' title='bbox 1395 2293 1471 2316; x_wconf 87' lang='lat' dir='ltr'><strong><em>cum</em></strong></span> <span class='ocrx_word' id='word_1_323' title='bbox 1504 2283 1648 2318; x_wconf 82' lang='lat' dir='ltr'>credere</span> <span class='ocrx_word' id='word_1_324' title='bbox 1677 2295 1747 2319; x_wconf 89' lang='lat' dir='ltr'><strong><em>non</em></strong></span> 
     </span>
     <span class='ocr_line' id='line_1_35' title="bbox 267 2328 1745 2374; baseline 0.003 -14"><span class='ocrx_word' id='word_1_325' title='bbox 267 2332 411 2371; x_wconf 77' lang='lat' dir='ltr'>possent</span> <span class='ocrx_word' id='word_1_326' title='bbox 442 2339 515 2362; x_wconf 84' lang='lat' dir='ltr'>eam</span> <span class='ocrx_word' id='word_1_327' title='bbox 548 2329 665 2362; x_wconf 86' lang='lat' dir='ltr'>urbem</span> <span class='ocrx_word' id='word_1_328' title='bbox 689 2340 838 2374; x_wconf 82' lang='lat' dir='ltr'>unquam</span> <span class='ocrx_word' id='word_1_329' title='bbox 862 2330 998 2362; x_wconf 85' lang='lat' dir='ltr'>sincere</span> <span class='ocrx_word' id='word_1_330' title='bbox 1022 2339 1139 2373; x_wconf 81' lang='lat' dir='ltr'>pacem</span> <span class='ocrx_word' id='word_1_331' title='bbox 1163 2334 1390 2362; x_wconf 80' lang='lat' dir='ltr'>servaturam.</span> <span class='ocrx_word' id='word_1_332' title='bbox 1441 2328 1564 2374; x_wconf 83' lang='lat' dir='ltr'>itaque</span> <span class='ocrx_word' id='word_1_333' title='bbox 1587 2329 1745 2365; x_wconf 78' lang='lat' dir='ltr'>funditus</span> 
     </span>
     <span class='ocr_line' id='line_1_36' title="bbox 268 2374 1745 2420; baseline 0.003 -14"><span class='ocrx_word' id='word_1_334' title='bbox 268 2383 394 2406; x_wconf 84' lang='lat' dir='ltr'>eversa</span> <span class='ocrx_word' id='word_1_335' title='bbox 410 2378 478 2415; x_wconf 84' lang='lat' dir='ltr'>est,</span> <span class='ocrx_word' id='word_1_336' title='bbox 503 2378 539 2407; x_wconf 86' lang='lat' dir='ltr'>et</span> <span class='ocrx_word' id='word_1_337' title='bbox 555 2374 631 2408; x_wconf 78' lang='lat' dir='ltr'>eius</span> <span class='ocrx_word' id='word_1_338' title='bbox 648 2375 756 2408; x_wconf 85' lang='lat' dir='ltr'>solum</span> <span class='ocrx_word' id='word_1_339' title='bbox 773 2375 859 2408; x_wconf 82' lang='lat' dir='ltr'>diris</span> <span class='ocrx_word' id='word_1_340' title='bbox 874 2374 1181 2419; x_wconf 81' lang='lat' dir='ltr'>imprecationibus</span> <span class='ocrx_word' id='word_1_341' title='bbox 1198 2374 1417 2417; x_wconf 80' lang='lat' dir='ltr'>obstrictum,</span> <span class='ocrx_word' id='word_1_342' title='bbox 1441 2385 1486 2408; x_wconf 88' lang='lat' dir='ltr'><strong><em>ne</em></strong></span> <span class='ocrx_word' id='word_1_343' title='bbox 1501 2375 1580 2420; x_wconf 81' lang='lat' dir='ltr'>quis</span> <span class='ocrx_word' id='word_1_344' title='bbox 1595 2385 1745 2420; x_wconf 82' lang='lat' dir='ltr'>unquam</span> 
     </span>
     <span class='ocr_line' id='line_1_37' title="bbox 268 2418 1745 2466; baseline 0.001 -13"><span class='ocrx_word' id='word_1_345' title='bbox 268 2419 305 2453; x_wconf 89' lang='lat' dir='ltr'><strong><em>in</em></strong></span> <span class='ocrx_word' id='word_1_346' title='bbox 330 2430 372 2452; x_wconf 87' lang='lat' dir='ltr'>eo</span> <span class='ocrx_word' id='word_1_347' title='bbox 399 2418 586 2454; x_wconf 82' lang='lat' dir='ltr'>habitaret.</span> <span class='ocrx_word' id='word_1_348' title='bbox 635 2430 679 2453; x_wconf 79' lang='lat' dir='ltr'>ex</span> <span class='ocrx_word' id='word_1_349' title='bbox 705 2421 860 2464; x_wconf 77' lang='lat' dir='ltr'>captivis</span> <span class='ocrx_word' id='word_1_350' title='bbox 883 2420 1041 2465; x_wconf 80' lang='lat' dir='ltr'>plerique</span> <span class='ocrx_word' id='word_1_351' title='bbox 1064 2419 1100 2454; x_wconf 90' lang='lat' dir='ltr'><strong><em>in</em></strong></span> <span class='ocrx_word' id='word_1_352' title='bbox 1124 2431 1263 2454; x_wconf 84' lang='lat' dir='ltr'>carcere</span> <span class='ocrx_word' id='word_1_353' title='bbox 1289 2420 1485 2465; x_wconf 74' lang='lat' dir='ltr'>perierante</span> <span class='ocrx_word' id='word_1_354' title='bbox 1510 2420 1625 2466; x_wconf 82' lang='lat' dir='ltr'>pauci,</span> <span class='ocrx_word' id='word_1_355' title='bbox 1648 2421 1745 2466; x_wconf 84' lang='lat' dir='ltr'>prin-</span> 
     </span>
     <span class='ocr_line' id='line_1_38' title="bbox 269 2464 1744 2511; baseline 0.003 -14"><span class='ocrx_word' id='word_1_356' title='bbox 269 2464 406 2507; x_wconf 86' lang='lat' dir='ltr'>cipibus</span> <span class='ocrx_word' id='word_1_357' title='bbox 441 2465 622 2510; x_wconf 80' lang='lat' dir='ltr'>exceptis,</span> <span class='ocrx_word' id='word_1_358' title='bbox 658 2466 804 2500; x_wconf 85' lang='lat' dir='ltr'>venditi.</span> <span class='ocrx_word' id='word_1_359' title='bbox 852 2477 929 2501; x_wconf 80' lang='lat' dir='ltr'>nam</span> <span class='ocrx_word' id='word_1_360' title='bbox 960 2466 984 2500; x_wconf 90' lang='lat' dir='ltr'><strong><em>ii</em></strong></span> <span class='ocrx_word' id='word_1_361' title='bbox 1014 2471 1051 2500; x_wconf 84' lang='lat' dir='ltr'>et</span> <span class='ocrx_word' id='word_1_362' title='bbox 1083 2465 1223 2499; x_wconf 83' lang='lat' dir='ltr'>obsides</span> <span class='ocrx_word' id='word_1_363' title='bbox 1252 2470 1290 2499; x_wconf 87' lang='lat' dir='ltr'>et</span> <span class='ocrx_word' id='word_1_364' title='bbox 1313 2465 1511 2500; x_wconf 77' lang='lat' dir='ltr'>Hasdrubal</span> <span class='ocrx_word' id='word_1_365' title='bbox 1535 2472 1572 2502; x_wconf 83' lang='lat' dir='ltr'>et</span> <span class='ocrx_word' id='word_1_366' title='bbox 1593 2467 1744 2511; x_wconf 79' lang='lat' dir='ltr'>Bithias,</span> 
     </span>
     <span class='ocr_line' id='line_1_39' title="bbox 269 2509 1745 2558; baseline 0.003 -15"><span class='ocrx_word' id='word_1_367' title='bbox 269 2509 328 2543; x_wconf 79' lang='lat' dir='ltr'>alii</span> <span class='ocrx_word' id='word_1_368' title='bbox 352 2510 386 2544; x_wconf 87' lang='lat' dir='ltr'><strong><em>in</em></strong></span> <span class='ocrx_word' id='word_1_369' title='bbox 412 2511 486 2546; x_wconf 88' lang='lat' dir='ltr'>aliis</span> <span class='ocrx_word' id='word_1_370' title='bbox 511 2511 633 2546; x_wconf 84' lang='lat' dir='ltr'>ltaliae</span> <span class='ocrx_word' id='word_1_371' title='bbox 655 2512 826 2558; x_wconf 83' lang='lat' dir='ltr'>partibuS‚</span> <span class='ocrx_word' id='word_1_372' title='bbox 857 2513 963 2546; x_wconf 84' lang='lat' dir='ltr'>vitam</span> <span class='ocrx_word' id='word_1_373' title='bbox 987 2512 1022 2546; x_wconf 91' lang='lat' dir='ltr'><strong><em>in</em></strong></span> <span class='ocrx_word' id='word_1_374' title='bbox 1041 2511 1162 2545; x_wconf 85' lang='lat' dir='ltr'>liberis</span> <span class='ocrx_word' id='word_1_375' title='bbox 1185 2511 1353 2546; x_wconf 86' lang='lat' dir='ltr'>custodiis</span> <span class='ocrx_word' id='word_1_376' title='bbox 1368 2516 1574 2556; x_wconf 82' lang='lat' dir='ltr'>exegerunt.</span> <span class='ocrx_word' id='word_1_377' title='bbox 1623 2513 1745 2558; x_wconf 88' lang='lat' dir='ltr'>Scipio</span> 
     </span>
     <span class='ocr_line' id='line_1_40' title="bbox 268 2555 1746 2604; baseline 0.005 -16"><span class='ocrx_word' id='word_1_378' title='bbox 268 2555 414 2599; x_wconf 80' lang='lat' dir='ltr'>gloriam</span> <span class='ocrx_word' id='word_1_379' title='bbox 441 2564 478 2590; x_wconf 84' lang='lat' dir='ltr'>et</span> <span class='ocrx_word' id='word_1_380' title='bbox 499 2557 663 2591; x_wconf 88' lang='lat' dir='ltr'>honorem</span> <span class='ocrx_word' id='word_1_381' title='bbox 688 2559 835 2604; x_wconf 75' lang='lat' dir='ltr'>adeptus</span> <span class='ocrx_word' id='word_1_382' title='bbox 856 2569 980 2592; x_wconf 87' lang='lat' dir='ltr'>nomen</span> <span class='ocrx_word' id='word_1_383' title='bbox 991 2557 1143 2592; x_wconf 80' lang='lat' dir='ltr'>Africani</span> <span class='ocrx_word' id='word_1_384' title='bbox 1158 2568 1227 2592; x_wconf 85' lang='lat' dir='ltr'><strong><em>non</em></strong></span> <span class='ocrx_word' id='word_1_385' title='bbox 1242 2557 1309 2592; x_wconf 88' lang='lat' dir='ltr'><strong><em>iam</em></strong></span> <span class='ocrx_word' id='word_1_386' title='bbox 1325 2559 1368 2592; x_wconf 80' lang='lat' dir='ltr'><strong><em>ab</em></strong></span> <span class='ocrx_word' id='word_1_387' title='bbox 1390 2569 1457 2592; x_wconf 81' lang='lat' dir='ltr'><strong><em>avo</em></strong></span> <span class='ocrx_word' id='word_1_388' title='bbox 1477 2557 1746 2595; x_wconf 73' lang='lat' dir='ltr'>haereditarium</span> 
     </span>
     <span class='ocr_line' id='line_1_41' title="bbox 266 2601 797 2648; baseline 0.006 -15"><span class='ocrx_word' id='word_1_389' title='bbox 266 2601 326 2634; x_wconf 89' lang='lat' dir='ltr'>sed</span> <span class='ocrx_word' id='word_1_390' title='bbox 352 2614 416 2647; x_wconf 90' lang='lat' dir='ltr'><strong><em>per</em></strong></span> <span class='ocrx_word' id='word_1_391' title='bbox 439 2614 479 2637; x_wconf 85' lang='lat' dir='ltr'>se</span> <span class='ocrx_word' id='word_1_392' title='bbox 503 2609 638 2648; x_wconf 77' lang='lat' dir='ltr'>partum</span> <span class='ocrx_word' id='word_1_393' title='bbox 665 2603 797 2638; x_wconf 81' lang='lat' dir='ltr'>habuit.</span> 
     </span>
    </p>

    <p class='ocr_par' dir='ltr' id='par_1_10' title="bbox 266 2648 1745 2787">
     <span class='ocr_line' id='line_1_42' title="bbox 403 2648 1745 2691; baseline 0.001 -9"><span class='ocrx_word' id='word_1_394' title='bbox 403 2648 460 2683; x_wconf 78' lang='lat'><strong><em>31.</em></strong></span> <span class='ocrx_word' id='word_1_395' title='bbox 508 2649 599 2683; x_wconf 83' lang='lat' dir='ltr'><strong><em>Tum</em></strong></span> <span class='ocrx_word' id='word_1_396' title='bbox 624 2649 816 2691; x_wconf 58' lang='lat' dir='ltr'>Corinthus</span> <span class='ocrx_word' id='word_1_397' title='bbox 841 2649 944 2684; x_wconf 78' lang='lat' dir='ltr'>etiam</span> <span class='ocrx_word' id='word_1_398' title='bbox 968 2653 1024 2683; x_wconf 78' lang='lat' dir='ltr'>est</span> <span class='ocrx_word' id='word_1_399' title='bbox 1047 2659 1183 2685; x_wconf 81' lang='lat' dir='ltr'>eversa,</span> <span class='ocrx_word' id='word_1_400' title='bbox 1231 2660 1310 2683; x_wconf 87' lang='lat' dir='ltr'>nam</span> <span class='ocrx_word' id='word_1_401' title='bbox 1334 2660 1411 2683; x_wconf 90' lang='lat' dir='ltr'><strong><em>cum</em></strong></span> <span class='ocrx_word' id='word_1_402' title='bbox 1437 2649 1564 2683; x_wconf 74' lang='lat' dir='ltr'>Paulus</span> <span class='ocrx_word' id='word_1_403' title='bbox 1579 2648 1745 2683; x_wconf 80' lang='lat' dir='ltr'>Aemilius</span> 
     </span>
     <span class='ocr_line' id='line_1_43' title="bbox 266 2692 1745 2741; baseline 0.002 -16"><span class='ocrx_word' id='word_1_404' title='bbox 266 2692 480 2728; x_wconf 75' lang='lat' dir='ltr'>Graecorum</span> <span class='ocrx_word' id='word_1_405' title='bbox 505 2694 681 2741; x_wconf 84' lang='lat' dir='ltr'>principes</span> <span class='ocrx_word' id='word_1_406' title='bbox 701 2696 738 2729; x_wconf 90' lang='lat' dir='ltr'><strong><em>in</em></strong></span> <span class='ocrx_word' id='word_1_407' title='bbox 762 2696 896 2730; x_wconf 78' lang='lat' dir='ltr'>Italiam</span> <span class='ocrx_word' id='word_1_408' title='bbox 919 2694 1167 2736; x_wconf 78' lang='lat' dir='ltr'>transtulisset,</span> <span class='ocrx_word' id='word_1_409' title='bbox 1189 2694 1321 2729; x_wconf 78' lang='lat' dir='ltr'>caeteri</span> <span class='ocrx_word' id='word_1_410' title='bbox 1343 2694 1488 2740; x_wconf 88' lang='lat' dir='ltr'>primum</span> <span class='ocrx_word' id='word_1_411' title='bbox 1513 2705 1575 2728; x_wconf 83' lang='lat' dir='ltr'>eos</span> <span class='ocrx_word' id='word_1_412' title='bbox 1597 2694 1745 2739; x_wconf 74' lang='lat' dir='ltr'>legatio-</span> 
     </span>
     <span class='ocr_line' id='line_1_44' title="bbox 267 2738 1743 2787; baseline 0.002 -15"><span class='ocrx_word' id='word_1_413' title='bbox 267 2738 368 2774; x_wconf 85' lang='lat' dir='ltr'>nibus</span> <span class='ocrx_word' id='word_1_414' title='bbox 393 2741 647 2787; x_wconf 83' lang='lat' dir='ltr'>repetiverunt‚</span> <span class='ocrx_word' id='word_1_415' title='bbox 668 2753 711 2776; x_wconf 80' lang='lat' dir='ltr'>ea</span> <span class='ocrx_word' id='word_1_416' title='bbox 733 2747 848 2776; x_wconf 81' lang='lat' dir='ltr'>autem</span> <span class='ocrx_word' id='word_1_417' title='bbox 863 2753 902 2775; x_wconf 86' lang='lat' dir='ltr'><strong><em>re</em></strong></span> <span class='ocrx_word' id='word_1_418' title='bbox 919 2753 988 2775; x_wconf 91' lang='lat' dir='ltr'><strong><em>non</em></strong></span> <span class='ocrx_word' id='word_1_419' title='bbox 1001 2741 1204 2786; x_wconf 74' lang='lat' dir='ltr'>impetrata,</span> <span class='ocrx_word' id='word_1_420' title='bbox 1229 2752 1304 2775; x_wconf 89' lang='lat' dir='ltr'><strong><em>cum</em></strong></span> <span class='ocrx_word' id='word_1_421' title='bbox 1321 2740 1460 2786; x_wconf 79' lang='lat' dir='ltr'>quidam</span> <span class='ocrx_word' id='word_1_422' title='bbox 1476 2751 1595 2776; x_wconf 84' lang='lat' dir='ltr'>eorum</span> <span class='ocrx_word' id='word_1_423' title='bbox 1610 2740 1743 2775; x_wconf 85' lang='lat' dir='ltr'>domum</span> 
     </span>
    </p>
   </div>
  </div>
 </body>
</html>
