1794 3120
225 115 288 160 62
699 118 925 162 IOANNIS
955 120 1214 163 ZONARAE

224 233 340 271 λοντο
365 226 564 285 Σπούριον
590 229 782 289 Φούριον,
817 235 884 275 καὶ
906 234 1000 288 μετ’
1027 235 1174 277 ἐκείνου
1198 234 1534 291 στρατευσάμενοι
1556 234 1686 280 πάντα

228 297 295 353 ἐφ’
322 295 398 339 ὅσα
432 297 626 354 ὥρμησαν
657 300 881 358 προθύμως
902 302 1165 358 κατέπραξαν.
1234 303 1272 344 οἱ
1303 303 1348 345 δὲ
1369 307 1427 360 τῷ
1449 301 1687 360 συνάρχοντι

225 365 351 407 αὐτοῦ
379 367 522 425 Φαβίῳ
548 369 728 412 Καίσωνι
752 370 1051 421 συνεξελθόντες
1083 371 1130 413 οὐ
1160 369 1284 424 μόνον
1307 371 1378 413 οὐκ
1403 371 1683 428 ἐρρώσθησαν,

224 433 328 475 ἀλλὰ
354 435 420 475 καὶ
443 435 488 477 τὸ
513 436 783 492 στρατόπεδον
802 438 1026 488 ἐκλιπόντες
1045 442 1099 489 εἷς
1122 439 1193 494 τὴν
1210 438 1324 480 πόλιν
1346 434 1477 494 ἦλθον
1499 442 1566 487 καὶ
1584 442 1684 484 ἓθο-
1775 495 1777 497 ¹

225 500 397 557 ρύβουν,
445 505 517 554 ἕως
552 506 589 546 οἳ
625 509 828 563 Τυρσηνοὶ
863 511 981 550 τοῦτο
1013 507 1217 561 μαθόντες
1248 509 1504 564 ἐπεχείρησαν
1532 509 1715 559 αὖτοῖς.5
1774 519 1776 521 “

223 572 290 611 καὶ
314 570 401 613 τότε
423 573 558 625 μέντοι
584 574 629 615 οὗ
654 573 847 632 πρότερον
870 577 1042 629 ἐξῆλθον
1060 581 1131 630 τῆς
1147 575 1299 625 πόλεως
1317 578 1409 632 πρὶν
1427 580 1507 620 τῶν
1525 575 1686 634 δημάρ-

215 655 302 692 χων
325 639 435 689 τινὰς
458 647 741 698 συμφρονῆσαι
765 650 847 692 τοῖς
872 646 1066 693 δυνατοῖς.
1111 645 1355 699 ἠγωνίσαντο
1382 645 1425 686 δὲ
1446 643 1684 701 προθύμως,

222 709 288 748 καὶ
322 708 496 759 πολλοὺς
525 711 598 763 μὲν
629 715 708 753 τῶν
731 714 928 765 πολεμίων
953 713 1203 769 διέφθειραν,
1239 714 1375 766 συχνοὶ
1400 713 1444 756 δὲ
1466 715 1531 755 καὶ
1555 713 1686 757 αὐτῶν

220 774 447 818 ἀπέθανον·
484 777 596 820 ἔπεσε
620 780 664 820 δὲ
687 781 752 821 καὶ
778 778 798 821 ὃ
825 778 879 830 εἷς
902 785 981 822 τῶν
1002 779 1166 823 ὑπάτων
1188 779 1208 823 ὃ
1234 780 1413 831 ΖνΙάλιος.
1481 779 1503 824 ὃ
1527 782 1571 824 δὲ
1593 779 1685 836 ὅμι-

223 847 292 894 λος
315 846 536 900 στρατηγὸν
559 846 603 888 τὸ
628 849 760 903 τρίτον
782 849 851 890 τὸν
875 848 1040 890 ΖᾺάλιον
1063 851 1199 892 εἵλετο.
1695 853 1740 889 1⁰

169 920 200 954 D
360 914 443 953 Καὶ
467 912 639 966 πόλεμος
663 910 787 964 αὖθις
811 916 947 965 αὐτοῖς
969 916 1195 971 ἕπενήνεκτο
1217 916 1319 974 πρὸς
1341 921 1420 960 τῶν
1443 920 1685 973 Τυρσηνῶν·
1773 907 1779 911 .

221 979 429 1032 ἀθυμοῦσι
466 982 509 1022 δὲ
528 979 739 1034 Ῥωμαίοις
762 984 827 1022 καὶ
852 983 1048 1039 ἀποροῦσι
1072 989 1158 1033 πῶς
1178 993 1261 1033 τοΐς
1282 987 1447 1040 ἐχθροῖς
1469 985 1684 1027 ἀντικατα-

221 1052 392 1098 στῶσιν,
429 1048 467 1089 οἳ
505 1047 656 1102 Φάβιοι
690 1048 976 1106 ἐπεκούρησαν.
1045 1048 1088 1101 (ἐξ
1118 1051 1196 1108 γὰρ
1232 1051 1340 1101 ὄντες
1361 1054 1428 1095 καὶ
1450 1051 1684 1108 τριακόσιοι,

222 1113 277 1165 ὥς
299 1116 561 1169 ἀθυμοῦντας
585 1116 689 1159 εἶδον
712 1118 859 1168 αὐτοὺς
881 1121 946 1160 καὶ
970 1117 1072 1173 μήτε
1094 1137 1131 1162 τι
1153 1121 1470 1173 βουλευομένους
1488 1121 1687 1170 λυσιτελὲς

221 1185 286 1225 καὶ
311 1183 656 1240 ἀπογινώσκοντας
680 1185 851 1239 ἅπαντα,
869 1187 937 1229 τὸν
960 1188 1059 1243 πρὸς
1083 1189 1176 1238 τοὺς
1196 1188 1431 1245 Τυρσηνοὺς
1446 1186 1739 1239 ὗπεδέξαντοῆ
1781 1199 1794 1239 j}

220 1250 394 1306 πόλεμον
432 1253 544 1295 αὐτοὶ
582 1255 638 1296 δι’
665 1253 820 1298 ἑαυτῶν
855 1257 1190 1312 προθυμηθέντες
1220 1258 1482 1310 μαχέσασθαι
1515 1256 1687 1307 καὶτοῖς

220 1319 379 1375 σώμασι
413 1323 480 1364 καὶ
512 1330 595 1372 τοῖς
622 1322 818 1379 χρήμασι.
889 1325 959 1366 καί
987 1342 1025 1366 τι
1044 1326 1193 1380 χωρίον
1217 1323 1511 1378 καταλαβόντες
1533 1325 1686 1367 ἐπίκαι-

219 1407 290 1446 ρον
324 1391 587 1443 ἐτειχίσαντο,
623 1391 720 1434 ὅθεν
753 1391 980 1448 ὁρμώμενοι
1012 1392 1143 1435 πάντα
1175 1394 1227 1435 τὰ
1252 1398 1331 1436 τῶν
1353 1395 1552 1447 πολεμίων
1573 1387 1684 1449 ἦγον,

215 1462 297 1500 τῶν
322 1462 544 1514 Τυρσηνῶν
565 1462 669 1515 μηδὲ
691 1462 731 1511 ἐς
747 1468 889 1517 χεῖρας
914 1461 1049 1511 αὐτοῖς
1073 1462 1170 1503 ἴέναι
1192 1459 1472 1519 θαρρούντων,
1507 1462 1541 1513 εἰ
1557 1462 1600 1513 δὲ
1617 1463 1690 1504 καί

216 1544 311 1569 ποτε
343 1529 605 1581 συμμίξειαν,
641 1531 938 1583 ἐλαττουμένων
965 1530 1076 1585 παρὰ
1108 1529 1224 1572 πολύ.
1293 1527 1616 1586 προσλαβόμενοι
1638 1531 1738 1573 δὲ20
1780 1543 1792 1572 tr,

31 1609 59 1642 P
83 1607 102 1642 1
124 1607 191 1644 345
215 1597 282 1638 καὶ
306 1596 547 1650 συμμάχους
570 1598 607 1639 οἳ
633 1600 834 1653 Τυρσηνοὶ
858 1600 899 1639 ἐν
919 1596 1064 1640 ὗλώδει
1084 1600 1221 1656 χωρίῳ
1245 1597 1454 1653 ἐλόχησαν,
1483 1601 1550 1640 καὶ
1573 1598 1683 1655 ἀφυ-
1776 1594 1790 1605 ”

307 1694 328 1728 1
361 1689 543 1733 φρούριον
572 1693 644 1726 ΑΒ.
675 1689 888 1735 “Φρούριον
921 1698 994 1727 tres
1025 1704 1093 1727 mss
1125 1693 1231 1738 Regii
1262 1688 1418 1728 habent'’
1449 1693 1682 1729 Decumum.

308 1738 331 1774 9
359 1735 407 1771 “ὁ
443 1735 612 1783 Μάλιος]
647 1739 698 1772 sic
731 1745 803 1772 tres
835 1750 903 1773 mss
940 1734 1072 1783 Regii³³
1100 1739 1334 1774 Ducmams.
1377 1739 1469 1772 infra
1497 1735 1675 1779 Μάλλιος.

308 1785 354 1820 10
384 1781 425 1818 τὸ
459 1784 582 1826 τρίτον
606 1781 672 1818 τὸν
696 1782 846 1818 Μάλιον
868 1785 1011 1818 ABCW
1048 1796 1123 1820 cum
1158 1785 1277 1819 codice
1301 1785 1460 1818 Colbert.
1485 1788 1522 1818 et
1544 1795 1612 1818 uno
1637 1795 1682 1819 ex

307 1829 431 1874 Regiis
439 1830 629 1875 Ducangii:
648 1828 808 1874 ἕτερονΡ
817 1842 859 1864 ex
869 1830 1002 1865 duobus
1015 1831 1146 1874 Regiis.
1164 1828 1313 1864 Μάλιον
1325 1836 1384 1864 aut
1397 1829 1550 1863 auctoris
1563 1841 1682 1864 errore

308 1882 368 1909 aut
382 1875 517 1909 librarii
532 1888 593 1921 pro
612 1874 766 1921 Φάβιον.
792 1876 981 1920 Dionysius
1005 1877 1320 1910 Halicarnassensis
1343 1876 1365 1910 9
1391 1876 1434 1910 14
1456 1888 1492 1921 p.
1515 1874 1605 1912 1774
1625 1876 1679 1910 ed.

309 1920 431 1954 Reisk.
451 1918 715 1955 ἀποδείκνυται
733 1921 880 1955 Καίσων
898 1919 1052 1967 Φάβιος.
1064 1946 1092 1957 ..
1107 1919 1150 1956 τὸ
1163 1922 1288 1966 τρίτον
1302 1917 1456 1962 ὕπατος.
1544 1922 1588 1956 13
1605 1919 1680 1955 Φοί-

309 1966 408 2011 βιοι]
433 1967 555 2001 Dionis
579 1979 653 2004 exc.
666 1967 783 2002 Vatic.
804 1968 860 2012 21,
875 1967 1031 2003 Peiresc.
1049 1967 1105 2005 26.
1201 1968 1245 2004 19
1259 1964 1301 2002 δὲ
1319 1979 1371 2002 om
1388 1967 1442 2002 C.‘
1508 1967 1555 2000 20
1566 1969 1680 2012 ποτε]

307 2010 390 2046 τότε
416 2013 458 2047 C.

217 2090 328 2126 triciis
353 2091 484 2136 eligere
508 2092 707 2126 voluerunt.
754 2104 795 2125 eo
821 2092 1005 2137 impetrato
1029 2093 1192 2136 Spurium
1215 2092 1359 2126 Furium
1386 2092 1585 2135 elegeruntz
1610 2103 1679 2137 quo

218 2138 306 2171 duce
340 2138 454 2171 omnia
486 2149 576 2181 quae
599 2138 755 2182 aggressi
778 2143 878 2181 sunt,
910 2139 1028 2172 sedulo
1052 2139 1290 2172 confecerunt.
1338 2137 1398 2172 sed
1423 2138 1483 2183 qui
1506 2149 1582 2172 cum
1605 2139 1680 2172 eius

217 2183 352 2226 collega
376 2184 535 2216 Caesone
561 2183 671 2217 Fabio
702 2183 877 2226 exierant,
911 2184 996 2218 adeo
1028 2195 1066 2216 se
1091 2184 1186 2218 viros
1207 2185 1319 2217 fortes
1343 2195 1411 2217 non
1434 2185 1679 2228 praebuerunt,

218 2233 260 2262 ut
282 2228 404 2263 castris
427 2229 558 2262 relictis
581 2229 616 2261 in
641 2230 760 2263 urbem
786 2230 920 2264 reversi
942 2229 1120 2263 tumultum
1149 2229 1352 2263 excitarint:
1377 2229 1486 2263 donec
1501 2229 1683 2273 Tyrrheni

220 2286 263 2309 ea
296 2286 335 2308 re
371 2275 509 2319 cognita
540 2275 620 2307 illos
657 2275 873 2310 invaserunt.
927 2287 968 2310 ac
997 2286 1040 2309 ne
1063 2280 1135 2309 tum
1160 2275 1297 2320 quidem
1321 2275 1417 2319 prius
1440 2275 1680 2320 suntegressi

219 2331 322 2364 quam
352 2320 483 2354 tribuni
514 2321 649 2364 quidam
675 2322 831 2365 patriciis
854 2321 988 2356 assensi
1010 2325 1141 2355 essent.
1187 2326 1259 2354 tum
1285 2332 1365 2354 vero
1390 2326 1530 2355 strenue
1547 2332 1681 2366 pugna-

218 2369 317 2399 runt:
348 2378 389 2399 ac
419 2365 534 2399 multis
564 2366 722 2400 hostibus
755 2368 886 2410 caesis,
911 2368 1062 2413 ipsorum
1086 2377 1223 2411 quoque
1246 2377 1315 2400 non
1338 2367 1440 2411 pauci
1464 2367 1678 2403 ceciderunt.

219 2411 346 2445 cecidit
373 2412 472 2446 etiam
497 2412 586 2445 alter
607 2413 725 2446 consul
750 2413 913 2448 Manlius.
959 2424 1027 2457 quo
1055 2412 1148 2446 facto
1171 2413 1322 2447 Manlius
1347 2412 1507 2457 [Fabius]
1534 2424 1556 2446 a
1577 2411 1679 2458 plebe

215 2457 358 2492 tertium
382 2462 524 2502 praetor
548 2464 688 2491 creatus
712 2463 777 2493 est.

354 2503 443 2536 Orto
477 2514 595 2537 rursus
631 2515 651 2536 a
676 2504 870 2546 Tyrrhenis
903 2504 993 2538 bello
1018 2503 1124 2537 Fabii
1144 2502 1329 2546 Romanis,
1364 2502 1537 2547 quomodo
1558 2501 1681 2536 resisti

216 2554 338 2594 posset
371 2549 548 2592 hostibus,
585 2549 745 2584 sollicitis
777 2562 874 2596 opem
905 2550 1070 2584 tulerunt.
1118 2548 1176 2593 qui
1194 2560 1269 2582 ¹sex
1291 2553 1326 2581 et
1348 2548 1497 2583 trecenti
1525 2558 1677 2592 numero,

217 2594 298 2638 quia
321 2595 483 2639 populum
509 2595 667 2637 anxium,
699 2595 782 2629 nihil
804 2596 896 2640 quod
919 2596 956 2629 in
980 2606 1052 2630 rem
1075 2599 1170 2628 esset
1191 2595 1457 2638 deliberantem,
1487 2605 1529 2628 ac
1553 2593 1679 2639 despe-

216 2645 352 2674 rantem
377 2641 487 2675 omnia
511 2641 685 2683 videbant,
710 2642 928 2685 Tyrrhenum
948 2641 1072 2676 bellum
1093 2641 1164 2674 suis
1189 2646 1226 2675 et
1249 2639 1452 2686 corporibus
1477 2646 1512 2674 et
1534 2638 1681 2684 sumpti-

217 2686 282 2719 bus
318 2687 501 2730 gerendum
539 2687 607 2721 sibi
637 2688 934 2732 depoposcerunt3
973 2693 1008 2721 et
1030 2690 1222 2732 opportuno
1251 2686 1328 2719 loco
1353 2684 1562 2732 praesidium
1584 2696 1678 2731 comft

217 2730 425 2775 munierunt,
453 2733 542 2766 unde
567 2733 695 2767 infesta
719 2733 867 2768 hostium
898 2732 1006 2768 omnia
1028 2734 1208 2776 fecerunt,
1239 2731 1434 2776 Tyrrhenis
1457 2730 1532 2765 acie
1554 2731 1676 2765 decer-

216 2787 300 2811 nere
335 2785 396 2812 aut
419 2790 488 2812 non
511 2779 717 2814 audentibus
741 2784 822 2825 aut,
858 2779 889 2814 si
911 2779 989 2815 ausi
1013 2782 1151 2823 essent,
1185 2779 1334 2824 turpiter
1360 2776 1569 2824 profligatis.
1616 2773 1676 2810 sed
