1820 3120
316 107 414 154 240
793 104 1021 148 IOANNIS
1050 105 1307 148 ZONARAE

316 220 491 278 δημοσίᾳ
514 215 694 272 ἔθαψαν,
717 221 776 276 τῷ
798 219 843 260 δὲ
869 218 1072 277 Οὖερμίνᾳ
1093 217 1167 272 τὴν
1189 217 1395 271 βασιλείαν
1417 221 1489 260 τοῦ
1509 209 1660 277 πατρὸς
1681 219 1770 261 ἒπε-

316 287 503 344 κύρωσαν
526 288 592 339 καὶ
617 286 712 337 τοὺς
735 287 1014 343 ζωγρηθέντας
1036 283 1238 340 Νομάδας
1258 285 1506 342 ἐχαρίσαντο.

455 355 506 397 Oi
543 356 587 397 δὲ
625 344 898 411 Καρχηδόνιοι
937 356 1025 411 περὶ
1063 355 1247 397 σπονδῶν
1282 350 1678 410 ἐπικηρυκευσάμενοι
1714 357 1771 412 τῷ

261 437 294 471 D
318 424 510 466 Σκιπίωνι
528 421 721 480 χρήματά
744 440 785 465 τε
809 422 933 473 εὐθὺς
955 422 1099 465 ἔδοσαν
1121 423 1187 464 καὶ
1210 421 1304 472 τοὺς
1327 415 1773 478 αῗχμαλῶτουςχπάντας

314 492 524 534 ἀπέδωκαν
546 493 612 534 καὶ
636 489 736 548 ὑπὲρ
767 495 846 534 τῶν
878 495 1026 533 λοιπῶν
1057 490 1270 547 πρεσβείαν
1303 491 1359 540 εἷς
1390 488 1462 544 τὴν
1487 486 1644 544 Ῥῶμην
1674 489 1805 534 εἶπέ-5

313 564 483 602 στειλαν.
552 559 645 609 τοὺς
682 560 728 601 δέ
747 576 789 614 γε
813 559 998 616 πρέσβεις
1021 559 1058 601 οἳ
1078 557 1268 612 Ῥωμαῖοι
1292 556 1379 600 τότε
1403 558 1449 599 οὗ
1473 556 1772 613 προσεδέξαντο,

313 628 490 683 λέγοντες
514 627 586 670 οὐκ
611 626 707 670 εἶναι
732 625 898 684 πάτριον
922 628 1037 684 σφίσι
1063 627 1343 683 στρατοπέδων
1362 626 1402 668 ἐν
1419 629 1469 682 τῇ
1486 625 1635 684 Ἰταλίᾳ
1650 622 1773 668 ὅντων

312 698 392 738 τισὶ
426 697 638 752 πρεσβείαν
670 696 912 751 προσίεσθαι
947 697 988 746 ἐξ
1023 695 1155 738 αὐτῶν
1179 697 1245 737 καὶ
1265 695 1521 751 χρηματίζειν
1541 692 1642 751 ὑπὲρ
1665 691 1776 750 εῗρή-κ

313 781 396 818 νης.
465 763 632 820 ὕστερον
657 763 723 814 δέ,
760 761 991 820 ἀπάραντος
1013 768 1084 806 τοῦ
1108 781 1148 806 τε
1167 763 1346 817 Ἀννίβου
1371 763 1436 805 καὶ
1459 765 1533 805 τοῦ
1553 763 1774 817 Μαγῶνος,

313 830 433 887 λόγου
470 833 582 889 σφίσι
605 832 834 886 μετέδωκαν
856 834 922 874 καὶ
948 833 1200 889 ἐψηφίσαντο
1224 831 1298 882 τὰς
1320 828 1509 881 σπονδάς.
1577 827 1773 886 ἓξεχώρη-
1785 837 1820 873 1(

314 916 390 941 σαν
416 900 459 942 δὲ
482 905 554 955 τῆς
581 899 751 949 Ἰταλίας
774 899 795 942 ὅ
818 917 858 943 τε
885 900 1067 953 Ἀννίβας
1089 902 1155 942 καὶ
1179 898 1201 943 ὃ
1225 899 1388 956 Μαγὼν
1410 899 1457 941 οὐ
1482 898 1552 942 διὰ
1574 898 1646 954 τὴν
1670 896 1775 952 σύμ-

310 972 446 1021 βασιν,
481 967 585 1010 ἀλλὰ
609 968 710 1025 πρὸς
732 968 802 1026 τὸν
826 968 926 1011 οἷ’κοι
949 967 1123 1023 πόλεμον
1147 967 1402 1024 ἐπειγόμενοι.

149 1047 291 1086 Ρ1441
455 1037 507 1079 Οἳ
539 1036 583 1078 δ’
621 1037 661 1079 ἓν
693 1041 741 1094 τῇ
764 1036 910 1094 Λιβύῃ
939 1036 1208 1094 Καρχηδόνιοι
1241 1037 1334 1079 οὐδὲ
1363 1033 1556 1093 πρότερον
1577 1030 1775 1090 εἲρηναΐόν

314 1122 352 1147 τι
376 1109 639 1167 φρονοῦντες,
674 1106 740 1147 καὶ
775 1107 863 1162 περὶ
896 1108 1078 1149 σπονδῶν
1114 1107 1176 1148 ἐπὶ
1211 1109 1262 1162 τῇ
1292 1109 1364 1147 τοῦ
1391 1102 1543 1161 χρόνον
1565 1105 1686 1159 τριβῇ
1709 1100 1777 1144 διὰ

312 1173 386 1227 τὴν
407 1178 478 1216 τοῦ
507 1175 688 1228 Ἀννίβου
714 1175 937 1231 παρουσίαν
960 1171 1361 1231 ἐπικηρυκευσάμενοι
1373 1205 1386 1224 ,
1422 1170 1477 1222 ῶς
1499 1170 1568 1214 τὸν
1593 1170 1774 1223 Ἀννίβαν
1787 1177 1820 1212 1ξ

312 1240 582 1296 πλησιάζοντα
618 1242 788 1296 ἔμαθον,
834 1241 1134 1299 ἀνεθάρσησαν,
1169 1244 1235 1285 καὶ
1272 1242 1459 1284 ἐπέθεντο
1495 1244 1552 1298 τῷ
1585 1240 1776 1281 Σκιπίωνι

313 1310 416 1352 κατὰ
448 1315 521 1366 γῆν
554 1328 594 1353 τε
630 1312 696 1353 καὶ
730 1310 832 1353 κατὰ
856 1310 1087 1354 θάλασσαν.
1155 1311 1336 1353 κάκείνου
1360 1312 1450 1366 περὶ
1471 1306 1616 1351 τούτου
1641 1306 1777 1356 αὐτοῖς

314 1379 621 1433 ἔγκαλέσαντος,
658 1378 747 1421 οὕτε
779 1378 940 1435 μέτριόν
974 1397 1012 1422 τι
1043 1384 1126 1429 τοῖς
1156 1379 1370 1436 πρέσβεσιν
1393 1377 1652 1434 ἀπεκρίναντο
1661 1407 1674 1427 ,
1708 1376 1776 1416 καὶ

314 1445 605 1500 ἐπεβούλευσαν
638 1448 774 1497 αὐτοῖς
809 1447 1104 1490 ἇποπλεύσασι·
1149 1449 1215 1489 καὶ
1252 1449 1286 1489 εἲ
1319 1445 1378 1501 μὴ
1404 1449 1568 1498 πνεῦμα
1603 1443 1777 1503 τυχαίως

314 1515 475 1569 συμβὰν
510 1515 645 1566 αὐτοῖς
676 1514 917 1571 ἐβοήθησεν,
953 1514 1159 1559 ἀπώλοντο
1195 1514 1255 1558 ἄν.
1280 1523 1283 1525 “
1324 1513 1423 1557 ὅθεν
1455 1514 1520 1556 καὶ
1553 1510 1574 1555 ὅ
1599 1513 1820 1556 Σκιπίωνῗ(

314 1583 354 1624 ἓν
386 1582 515 1641 τούτῳ
546 1587 615 1638 τῆς
648 1583 794 1642 ’ψήφου
826 1588 897 1639 τῆς
930 1587 1018 1642 περὶ
1051 1582 1314 1641 τῆς“εῗρήνης
1348 1582 1612 1637 κομισθείσης
1644 1579 1774 1623 οὐκέτι

119 1658 165 1691 W
188 1659 224 1695 11
246 1659 291 1697 96
315 1651 441 1706 αὐτὴν
464 1651 690 1706 ἐποιήσατο.
761 1653 798 1695 οἱ
832 1647 902 1695 οὖν
926 1651 1199 1710 Καρχηδόνιοι
1222 1653 1292 1694 τὸν
1317 1652 1390 1706 μὲν
1413 1653 1602 1706 Μαγῶνα
1626 1650 1681 1698 εἷς
1702 1647 1775 1701 τὴν

404 1804 427 1840 3
455 1801 505 1838 Οἵ
528 1800 570 1838 δὲ
602 1824 647 1829 -
680 1805 724 1840 10
756 1802 825 1843 τὰς
854 1802 1019 1843 σπονδάς
1047 1804 1174 1837 Dionis
1205 1806 1407 1848 excerptum
1436 1798 1660 1835 Ursinianum
1688 1798 1773 1841 153.

405 1849 426 1884 7
450 1849 632 1892 πάτριον]
668 1848 755 1890 πρὶν
787 1849 830 1883 A.
990 1849 1036 1883 10
1058 1846 1176 1892 λόγων
1198 1848 1242 1885 Α.
1404 1847 1448 1883 13
1472 1843 1643 1890 εἰρηναῖα
1665 1856 1704 1880 τε
1728 1845 1771 1883 Α.

406 1895 450 1930 16
473 1891 651 1929 ἐπέθεντο
675 1894 728 1938 τῷ
750 1915 793 1920 -
817 1896 864 1930 22
886 1891 1003 1940 αὐτὴν
1030 1890 1227 1938 ἐποιήσατο
1251 1893 1373 1928 Dionis
1395 1891 1598 1937 excerptum
1613 1891 1774 1925 Ursinia-

407 1952 485 1974 num
508 1941 586 1976 154.
682 1942 725 1978 17
745 1952 784 1976 τε
808 1952 862 1976 om
886 1942 928 1977 C.
1020 1937 1116 1976 κατὰ
1133 1941 1274 1975 alterum
1290 1951 1343 1974 om
1359 1939 1402 1975 A.
1495 1938 1539 1972 21
1561 1934 1707 1978 τούτοις
1726 1938 1770 1972 A.

310 2081 455 2157 gerunt:
498 2077 681 2111 Verminae
719 2080 897 2122 paternum
936 2087 1078 2121 regnum
1117 2076 1380 2118 confirmarunt,
1419 2073 1570 2120 captivis
1611 2073 1772 2108 Numidis

335 2134 399 2156 ono
423 2123 528 2157 datis.

447 2168 753 2212 Carthaginienses
773 2174 887 2203 autem
904 2165 1191 2202 caduceatoribus
1214 2167 1257 2201 de
1279 2178 1364 2212 pace
1387 2160 1501 2200 missis
1524 2164 1642 2200 statim
1665 2175 1772 2210 pecu-

310 2213 401 2248 niam
425 2214 581 2258 Scipioni
604 2215 794 2257 dederunt,
821 2213 1043 2259 captivisque
1066 2214 1222 2248 omnibus
1246 2211 1404 2254 redditis,
1427 2211 1575 2246 caeteris
1599 2210 1642 2244 de
1665 2211 1770 2245 rebus

309 2259 446 2304 legatos
471 2261 610 2294 Romam
637 2260 813 2294 miserunt.
860 2260 920 2305 qui
941 2265 1012 2294 tum
1036 2270 1056 2293 a
1079 2259 1241 2294 Romanis
1268 2257 1409 2292 admissi
1441 2268 1508 2291 non
1532 2261 1634 2292 sunt:
1666 2266 1772 2301 nega-

309 2306 396 2339 bant
419 2307 507 2340 enirn
533 2306 636 2340 moris
661 2306 826 2340 maiorum
852 2318 930 2340 esse
958 2310 997 2339 ut
1028 2317 1145 2339 eorum
1179 2305 1222 2339 de
1253 2311 1339 2350 pace
1371 2303 1506 2347 legatos
1529 2303 1688 2338 audirent
1710 2301 1772 2347 qui

310 2356 425 2386 castra
449 2353 618 2386 haberent
642 2353 677 2386 in
701 2352 816 2386 Italia.
855 2356 937 2397 post
960 2351 1149 2385 discessum
1173 2356 1285 2384 autem
1307 2348 1514 2383 Hannibalis
1537 2354 1575 2382 et
1598 2347 1770 2392 Magonis,

308 2396 353 2430 iis
381 2398 525 2439 auditis,
557 2398 652 2442 pacis
685 2398 907 2432 condiciones
940 2402 1160 2443 acceperunt.
1206 2396 1256 2430 illi
1279 2407 1383 2441 porro
1407 2394 1510 2430 Italia
1533 2397 1771 2435 excesserunt,

309 2454 378 2476 non
402 2448 548 2490 propter
570 2444 857 2489 pacificationem,
883 2444 944 2478 sed
969 2443 1011 2477 ad
1036 2443 1160 2477 bellum
1184 2441 1405 2476 domesticum
1430 2445 1671 2486 properante&

445 2490 494 2524 At
516 2489 843 2534 Carthaginienses,
875 2501 949 2523 cum
983 2489 1076 2535 prius
1109 2488 1212 2523 etiam
1244 2499 1363 2534 pacem
1395 2487 1531 2521 minime
1563 2485 1774 2535 cogitarent,-

310 2545 375 2568 nec
410 2546 484 2569 eam
515 2535 582 2569 alio
615 2536 758 2570 consilio
790 2535 976 2582 petiissent
1009 2535 1077 2569 nisi
1109 2539 1148 2568 ut
1180 2538 1315 2578 tempus
1345 2536 1502 2567 tererent
1531 2532 1610 2582 dpm
1632 2533 1771 2562 Ventret

308 2580 504 2625 Hannibal,
539 2582 615 2626 eius
649 2583 802 2616 adventu
833 2582 983 2617 recreati
1014 2580 1211 2626 Scipionem
1241 2584 1336 2613 terra
1366 2578 1519 2620 marique
1549 2578 1766 2608 Invenerunt-

307 2625 366 2659 illo
390 2638 473 2661 vero
499 2628 759 2672 expostulante,
795 2639 906 2673 neque
937 2627 1118 2673 quicquam
1151 2625 1320 2659 moderati
1351 2620 1474 2666 legatis
1502 2619 1769 2666 responderunt,
1819 2642 1820 2664 ;

310 2676 347 2703 et
369 2672 535 2707 abeuntes
560 2685 623 2718 per
645 2674 788 2709 insidias
812 2674 1042 2717 occidissent,
1078 2672 1147 2706 nisi
1179 2671 1324 2705 fortuito
1362 2672 1466 2702 vento
1498 2670 1619 2700 exorto
1652 2669 1770 2699 essent

310 2719 520 2753 conservati.
553 2719 673 2765 itaque
697 2720 815 2766 Scipio
840 2718 1171 2754 senatusconsultum
1196 2717 1240 2748 de
1264 2724 1351 2759 pace
1374 2712 1511 2746 interim
1535 2711 1674 2746 allatum
1699 2720 1767 2764 nqn

311 2765 424 2796 ratum
451 2762 579 2801 habuit.
629 2766 935 2811 Carthaginienses
966 2775 1052 2799 vero
1075 2763 1226 2806 Magone
1249 2760 1286 2794 in
1309 2758 1443 2794 Italiam
1466 2757 1610 2793 remisso
1633 2757 1767 2791 Hanni-
