1786 3120
204 50 308 127 638
845 76 1052 120 NOTAE.

205 191 271 241 qui
298 190 452 241 χρυσῆν
478 186 740 238 reponendum
769 188 919 236 putant.
961 185 1136 226 Zonaras
1172 189 1224 226 ait
1252 187 1501 229 Commodum
1525 201 1686 242 praece-

204 247 310 298 pisse
345 259 417 338 0:331
458 243 587 283 αἰῶνα
624 239 697 282 τᾶν
733 237 816 281 κατ’
859 237 980 282 αὐτὸν
1017 239 1091 282 ἐπ’
1122 238 1249 284 αυτοῦ
1288 247 1464 297 χρυσοῦν
1489 242 1684 306 ὀνομάζε-

207 305 319 343 σθαι.
408 312 473 337 uc·

317 381 355 419 p.
386 366 469 407 358
494 378 532 402 v.
565 361 631 404 14.
690 360 871 416 Ξανθον]
896 367 983 405 vide
1010 372 1163 419 praeter
1178 367 1338 406 Dionem
1355 366 1422 406 lib.
1445 366 1501 410 47
1523 371 1565 410 et
1588 369 1684 408 ulios

202 425 400 464 Romanae
428 420 610 460 historiae
650 421 872 472 scriptores,
895 422 1090 462 Philonem
1105 425 1143 463 in
1166 424 1232 463 lib.
1261 420 1436 473 5¹1an
1465 423 1686 475 σπουδαῖος

207 485 280 520 etc.
309 493 349 532 p.
380 478 463 520 605
499 478 590 516 edit.
635 476 818 517 Turnebi.
873 478 976 518 Duc.

100 555 185 590 1³21
321 561 361 598 p.
390 544 474 587 364
493 558 528 586 v,
561 545 628 586 10.
689 543 758 586 καὶ
794 543 1017 599 πατρόθεν]
1057 549 1109 586 ita
1146 549 1249 599 apud
1284 553 1440 589 nostros
1463 549 1503 588 in
1523 548 1687 588 clamore

204 603 356 643 militari
384 603 579 654 copiarum
606 602 722 639 duces
751 615 891 641 nomen
915 617 1025 643 suum
1045 604 1246 645 inclamare
1271 604 1404 645 solitos
1429 606 1623 645 docuimus
1646 607 1688 645 in

204 660 414 700 Dissertat.
442 658 491 696 ad
519 657 738 696 Ioinvillam.
791 658 894 698 Duc.

318 741 359 779 p.
387 727 470 768 365
499 739 535 764 v.
568 727 610 766 9.
668 719 701 765 ὦ
731 728 898 777 τλᾶμον]
937 727 1009 766 hos
1037 740 1172 766 versus
1193 728 1308 779 paulo
1331 729 1440 768 aliter
1467 728 1560 768 citat
1584 724 1688 768 Dion

205 784 331 878 33:¹1⁵
358 782 423 822 lib.
453 783 508 824 47
537 786 632 821 extr.
662 782 748 822 vide
761 783 1004 822 Plutarchum
1033 784 1082 822 de
1103 785 1400 837 Superstitione,
1429 784 1500 824 sub
1527 784 1687 824 initium.

320 920 359 957 p.
389 904 474 947 394
503 919 538 943 v.
570 907 607 946 8.
666 902 763 952 τούς
792 903 835 946 δὲ
870 908 949 946 νῦν
994 907 1169 958 βασιλεῖς
1207 906 1424 960 Ῥωμαίων]
1469 907 1528 947 hic
1568 920 1686 959 porro

206 963 328 1013 carpit
348 963 521 1001 Zonaras
549 962 802 1012 imperatores
833 966 872 1000 et
892 963 1065 1001 Graecos
1086 966 1141 1002 sui
1169 965 1267 1016 aevi,
1297 966 1362 1016 qui
1381 965 1535 1003 dimisso
1562 965 1686 1016 patrio

205 1023 370 1068 vestitu,
406 1019 605 1056 barbarico
641 1031 709 1056 seu
749 1023 928 1066 extraneo
960 1020 1015 1058 uti
1049 1021 1237 1060 amabant.
1274 1021 1405 1060 scribit
1442 1018 1688 1071 Nicephorus

207 1076 404 1125 Gregoras
442 1075 507 1112 lib.
539 1077 562 1116 2
608 1074 788 1113 loannem
822 1075 1021 1114 Vatatzem
1069 1077 1177 1128 imp.,
1215 1091 1298 1115 cum
1326 1079 1474 1116 videret
1494 1077 1688 1115 Romanas

207 1132 360 1170 divitias
387 1134 426 1169 in
455 1132 677 1182 peregrinas
711 1135 751 1169 et
779 1136 1020 1182 sumptuosas
1042 1138 1196 1182 vestes,
1226 1134 1378 1172 Sericas
1407 1132 1583 1183 Assyrias
1611 1132 1688 1170 Ba-

205 1188 378 1237 bylonias
408 1191 526 1238 atque
552 1187 716 1236 Italicas,
742 1189 846 1225 vario
869 1201 913 1226 ac
942 1189 1086 1227 sollerti
1114 1190 1273 1228 artificio
1298 1190 1502 1229 >confectas
1531 1187 1688 1237 effundi,

208 1245 334 1283 edicto
371 1245 540 1283 sanxisse
575 1255 624 1281 ne
664 1244 748 1293 quis
777 1244 1015 1283 subditorum
1042 1246 1088 1283 iis
1115 1249 1307 1296 uteretur,
1350 1245 1420 1284 sed
1445 1246 1490 1284 iis
1520 1244 1690 1283 contenti

210 1305 340 1339 essent
376 1313 472 1350 quas
511 1300 706 1339 Romanae
742 1301 960 1350 provinciae
998 1302 1240 1352 praeberent.
1283 1303 1387 1341 idem
1414 1301 1480 1339 lib.
1507 1303 1558 1342 11
1590 1304 1686 1339 extr.

152 1372 154 1378 ’
209 1370 296 1396 eum
323 1357 435 1395 etiam
458 1370 604 1395 morem
638 1357 838 1395 invaluisse
867 1357 987 1395 tradit
1024 1359 1092 1396 sub
1122 1358 1338 1399 Andronico
1368 1357 1595 1408 Palaeologo
1629 1357 1688 1395 iu-

209 1415 339 1461 niore,
378 1417 420 1450 ut
454 1425 583 1450 omnes
624 1413 732 1451 simul
768 1418 807 1451 et
842 1414 1107 1453 adolescentes
1138 1419 1178 1454 et
1205 1429 1316 1454 senes
1343 1414 1453 1465 pileis
1476 1417 1688 1462 uterentur,

209 1482 288 1507 non
311 1469 434 1506 minus
462 1469 501 1506 in
519 1469 660 1518 palatio
691 1482 802 1519 quam
831 1470 870 1506 in
898 1472 1013 1519 agris,
1043 1471 1166 1521 iisque
1201 1473 1251 1509 ad
1275 1472 1421 1510 libitum
1447 1468 1690 1509 multiformi-

210 1525 283 1563 bus
313 1529 352 1562 et
379 1525 615 1574 peregrinis3
645 1538 731 1562 cum
757 1524 905 1562 Latinis
938 1526 1013 1575 alii,
1043 1527 1106 1564 alii
1134 1527 1266 1577 Mysiis
1298 1531 1338 1566 et
1366 1526 1600 1575 Triballicis,
1626 1524 1689 1563 alii

210 1581 332 1631 Syriis
371 1584 410 1618 et
444 1580 659 1622 Phoeniciis
690 1585 907 1626 uterentur3
951 1587 1064 1632 atque
1101 1583 1140 1620 id
1162 1584 1327 1633 denique
1351 1585 1387 1621 in
1418 1581 1588 1621 vestibus
1618 1580 1690 1620 ob-

210 1649 412 1686 servasse,
451 1637 549 1674 adeo
579 1641 622 1674 ut
650 1637 916 1687 prudentiores
943 1639 1152 1677 novitatem
1182 1639 1344 1689 aliquam
1377 1642 1416 1676 et
1442 1637 1591 1689 imperii
1619 1638 1690 1675 de-

211 1693 474 1741 structionem,
500 1693 569 1731 sed
595 1697 633 1731 et
660 1693 919 1731 institutorum
947 1694 1062 1732 finem
1098 1707 1145 1733 ac
1173 1707 1320 1733 morum
1348 1695 1435 1733 inde
1462 1693 1562 1732 male
1589 1693 1689 1732 omi·-

210 1753 404 1788 narentur.
462 1748 564 1786 Duc.

323 1830 362 1867 p.
393 1814 474 1857 412
505 1828 541 1853 v.
572 1817 612 1855 7.
665 1813 1021 1883 ἔθελογνωμονῶν]
1053 1817 1327 1856 desideratur
1316 1831 1356 1856 m
1383 1817 1526 1858 lexicis.

323 1886 362 1923 p.
392 1869 474 1912 419
495 1885 530 1910 v.
560 1873 626 1913 12
686 1867 931 1925 ἀναγνῶναι]
962 1874 1035 1912 huc
1062 1874 1195 1913 referri
1232 1878 1361 1940 potest
1394 1874 1458 1925 qui
1485 1872 1589 1924 apud
1615 1885 1690 1911 no-

211 1933 313 1968 stros
340 1928 461 1966 adhuc
484 1928 631 1966 obtinet
649 1940 748 1977 moS,
775 1942 850 1979 quo
873 1943 1005 1981 regum
1022 1931 1158 1980 edicta,
1186 1931 1405 1982 priusquam
1424 1931 1497 1969 vim
1510 1928 1691 1979 habeant,

211 1986 260 2023 ad
293 1990 465 2023 senatum
493 1984 823 2035 parlamentarium
860 1988 957 2025 mitti
992 1987 1138 2037 solent,
1176 1991 1217 2026 ut
1240 1987 1451 2037 probentur
1478 1999 1524 2024 ac
1551 1985 1690 2025 deinde

210 2043 250 2080 in
288 2045 372 2079 acta
406 2042 639 2079 referantur:
681 2042 785 2090 quod
833 2043 865 2079 si
913 2043 1107 2094 quidpiam
1152 2043 1192 2081 in
1237 2043 1284 2080 iis
1311 2050 1484 2081 occurrat
1511 2042 1570 2080 cui
1600 2054 1690 2080 sen·
1750 2051 1752 2053 ’

210 2099 370 2136 tentiam
407 2110 514 2135 suam
554 2110 632 2135 non
674 2099 955 2153 accommodet,
1000 2101 1048 2137 de
1092 2112 1138 2138 eo
1181 2100 1360 2151 princeps
1389 2100 1615 2138 admonetur
1643 2110 1689 2136 ac

212 2158 384 2204 rogatur.
443 2154 543 2192 Duc.

325 2224 364 2260 p.
389 2208 470 2251 421
499 2223 537 2247 v.
567 2211 633 2251 12.
691 2208 853 2263 ἴλαρχόν
881 2225 922 2250 τε
950 2210 1096 2262 φυλῆς]
1135 2210 1386 2262 praefectum
1409 2209 1539 2247 tribue
1572 2210 1689 2248 vertit

212 2265 398 2304 Wolfius:
426 2267 598 2303 sevirum
623 2268 764 2304 turmis
789 2268 966 2319 equitum
993 2271 1144 2305 vertere
1183 2268 1362 2306 debuisse
1385 2266 1581 2305 contendit
1607 2265 1688 2303 Va-

212 2323 329 2360 lesius
366 2323 415 2360 ad
452 2323 642 2373 Excerpta
677 2322 839 2374 Dionis,
882 2337 928 2362 ex
966 2324 1181 2375 Capitolino
1220 2324 1259 2362 in
1293 2323 1446 2362 Marco:
1485 2321 1687 2360 consulem

213 2392 346 2416 secum
377 2379 476 2416 Pius
505 2380 697 2416 Marcum
726 2381 970 2432 designavit,
993 2388 1031 2417 et
1053 2381 1235 2418 Caesaris
1261 2379 1529 2431 appellatione
1557 2378 1688 2416 dona-

214 2436 290 2481 vit,
315 2441 353 2472 et
376 2436 550 2473 sevirum
581 2436 722 2473 turmis
759 2439 936 2488 equitum
965 2437 1243 2474 Romanorum
1273 2437 1356 2474 iam
1385 2435 1585 2473 consulem
1616 2434 1686 2472 de-

213 2493 420 2542 signatum
450 2493 610 2533 creavit.
664 2492 751 2543 ubi,
783 2494 925 2544 inquit,
963 2494 1063 2531 sevir
1084 2506 1221 2532 nomen
1248 2493 1360 2532 officii
1388 2493 1535 2530 videtur
1554 2492 1686 2542 fuisse,

215 2549 276 2585 cui
314 2551 353 2585 et
389 2549 561 2587 ludorum
601 2548 814 2587 seviralium
850 2562 940 2588 cura
975 2550 1236 2602 competebat,
1272 2553 1372 2588 teste
1411 2549 1545 2588 eodem
1569 2548 1687 2600 Capi-

214 2603 346 2643 tolino.
404 2604 506 2643 Duc.

327 2673 366 2710 p.
396 2658 479 2701 435
509 2674 544 2700 v.
573 2662 614 2702 3.
668 2657 951 2715 Ἀγριππίναν]
992 2665 1194 2711 accentus,
1228 2662 1293 2711 qui
1330 2661 1497 2700 auctoris
1533 2659 1685 2699 saeculo

217 2716 456 2767 conveniunt,
481 2717 678 2758 immutare
707 2719 906 2761 noluimus.
954 2718 1192 2760 Μεσσαλίνα
1224 2718 1443 2764 Φαυστίνα,
1470 2711 1610 2771 Αὕγού
1614 2729 1685 2758 στα
