1820 3120
266 101 368 148 358
740 99 970 145 IOANNIS
1003 102 1265 146 ZONARAE

267 216 356 264 θεὶς
385 214 445 268 μὴ
477 216 555 266 ζῶν
587 212 694 272 ἁλῷ,
733 213 877 258 ἑαυτὸν
911 211 1166 271 διεχρήσατο.
1234 215 1258 258 ὃ
1292 218 1358 260 καὶ
1390 215 1412 260 ὅ
1434 215 1740 277 ὑποστράτηγος

268 282 395 325 αὐτοῦ
419 281 598 341 Μάρκος
616 281 831 337 Ὀκτάβιος
853 283 1011 339 ἔπραξε.

405 349 587 401 Κάσσιος
620 352 662 393 δὲ
697 353 778 394 ἐπεὶ
810 351 860 394 τὰ
893 353 934 392 ἐν
968 355 1019 407 τῇ
1041 351 1172 410 Συρίᾳ
1194 353 1262 393 καὶ
1286 355 1335 408 τῇ
1359 353 1521 414 Κιλικίᾳ
1544 354 1739 410 κατεστή-

214 423 244 457 C
268 434 391 469 σατο,
429 421 484 468 εἷς
513 420 586 474 τὴν
613 420 749 462 Ἀσίαν
781 420 882 475 πρὸς
915 419 984 462 τὸν
1007 422 1191 475 Βροῦτον
1223 420 1403 475 ἀφίκετο.
1469 419 1526 472 ὡς
1555 422 1634 480 γὰρ
1665 425 1739 479 τὴν

264 493 510 540 συνομοσιάν
532 492 613 530 τῶν
636 493 757 543 τριῶν
781 488 938 544 ἀνδρῶν
961 488 1132 542 ἔμαθον,
1162 487 1268 530 καθ’
1295 487 1448 531 ἑαυτῶν
1469 488 1618 541 εἰδότες
1637 493 1735 537 ἐκεί·
1749 502 1772 536 5

263 571 359 604 νους
390 554 523 598 πάντα
560 562 708 608 ποιεῖν,
754 555 1065 612 προθυμότερον
1100 557 1166 598 καὶ
1203 556 1317 599 αὐτοὶ
1354 562 1466 615 κοινῇ
1502 557 1635 602 πάντα
1669 562 1738 603 καὶ

263 622 524 677 ἐβουλεύοντο
547 627 614 667 καὶ
638 626 923 680 συνέπραττον.
993 626 1059 666 καὶ
1095 624 1212 667 αὐτοί
1239 641 1281 668 τε
1312 625 1530 683 περιιόντες
1560 629 1629 670 καὶ
1651 626 1739 672 ἑτέ-

265 707 362 747 ρους
399 693 688 747 διαπέμποντες
721 693 816 743 τοῦς
849 693 907 748 μὴ
940 694 1101 743 ε’κείνοις
1133 690 1465 751 ὁμοφρονοῦντας
1487 694 1737 752 προσήγοντο

262 762 330 801 καὶ
356 759 552 816 χρήματα
577 763 641 803 καὶ
666 758 918 818 στρατιώτας
943 754 1225 818 συνήθροιζον,
1259 767 1377 806 τινῶν
1408 764 1453 806 δὲ
1482 764 1541 819 μὴ
1570 776 1738 820 συμμα-

257 832 387 882 χῆσαι
410 830 662 883 πειθομένων
685 831 842 881 αὐτοῖς,
878 830 945 873 ἐπ’
972 830 1145 879 ἐκείνους
1170 828 1414 887 ἐτράπησαν.
1462 833 1531 875 καὶ
1554 831 1738 885 Κάσσιος
1749 845 1801 879 10

260 897 335 950 μὲν
359 898 563 957 ναυμαχία
585 898 682 948 τοὺς
709 896 891 949 Ῥοδίους
914 890 1067 953 ἐνίκησε
1090 900 1155 940 καὶ
1179 899 1253 949 τὰς
1275 903 1374 950 ναῦς
1397 900 1530 944 αὐτῶν
1552 901 1738 959 ἀφείλετο

263 960 330 1006 καὶ
353 965 404 1006 τὰ
425 964 642 1023 χρήματα,
665 967 766 1020 μετὰ
791 971 919 1010 ταῦτα
944 967 987 1009 δὲ
1011 968 1077 1008 καὶ
1101 967 1170 1010 τὸν
1186 967 1502 1026 Ἀριοβαρζάνην
1524 971 1740 1024 συλλαβὼν

262 1032 485 1077 ἀπέκτεινε·
525 1038 706 1091 Βροῦτος
740 1036 785 1078 δὲ
815 1039 895 1078 τῶν
916 1036 1089 1078 Λυκίων
1121 1033 1315 1091 ἐκράτησε
1325 1069 1337 1088 ,
1372 1039 1440 1080 καὶ
1472 1042 1552 1080 τῶν
1584 1037 1740 1082 πόλεων

206 1108 241 1142 D
265 1101 339 1151 τὰς
360 1103 434 1156 μὲν
456 1105 616 1154 πλείους
639 1106 786 1158 ἀμαχεὶ
810 1102 1083 1161 προσηγάγετο
1098 1135 1110 1155 ,
1145 1101 1318 1150 Ξάνθον
1350 1106 1394 1147 δὲ
1427 1108 1484 1156 εἷς
1505 1108 1740 1164 πολιορκίαν

260 1170 502 1226 κατέστησε,
533 1173 600 1214 καὶ
627 1170 728 1215 εἷλεν
752 1173 878 1227 αὐτὴν
902 1175 969 1214 καὶ
995 1172 1255 1228 κατέπρησεν.
1326 1171 1409 1217 εἶτα
1434 1174 1536 1231 πρὸς
1557 1174 1737 1233 Πάταρα
1750 1184 1797 1219 15·

260 1232 389 1292 ἦλθε,
424 1242 490 1281 καὶ
525 1245 809 1295 προσεκαλεῖτο
845 1241 993 1291 αὐτοὺς
1024 1239 1079 1290 ὡς
1109 1242 1274 1298 φίλους·
1310 1239 1366 1292 ὡς
1389 1243 1432 1284 δ’
1458 1243 1533 1298 οὐχ
1558 1241 1739 1299 ὗπήκου-

261 1323 363 1358 σαν,
409 1308 504 1358 τούς
541 1309 824 1363 αἰχμαλώτους
858 1314 937 1352 τῶν
972 1307 1171 1354 Ξανθίων
1209 1318 1408 1366 συγγενεῖς
1446 1311 1584 1363 αὐτοῖς
1620 1312 1741 1364 ὄντας

260 1374 453 1430 ἔπεμψεν,
489 1377 654 1429 ἐλπίζων
679 1380 735 1420 δι’
762 1378 918 1420 ἐκείνων
944 1378 1092 1428 αὐτοὺς
1115 1379 1462 1435 προσαγαγέσθαι.
1511 1380 1550 1422 οἱ
1573 1382 1614 1423 δ’
1642 1382 1736 1424 οὐδ’

261 1443 392 1493 οὕτως
423 1445 626 1488 ἐνέδοσαν.
696 1445 889 1500 πωλήσας
913 1442 983 1489 οὗν
1007 1464 1118 1496 τινας
1141 1451 1220 1489 τῶν
1244 1446 1512 1501 αἰχμαλώτων
1535 1449 1630 1500 τοὺς
1653 1454 1738 1492 λοι-

261 1512 363 1561 ποὺς
384 1513 677 1570 ἠλευθέρωσεν.
742 1513 894 1565 ἰδόντες
925 1516 969 1557 δὲ
1002 1519 1120 1557 τοῦτο
1158 1515 1195 1557 οἱ
1228 1518 1439 1571 ΙΙαταρεΐς
1469 1517 1597 1568 εὐθὺς
1627 1509 1820 1578 αὐτῷΞθῙἶ

260 1578 316 1630 ὡς
340 1580 486 1634 ἀρετὴν
511 1581 639 1636 ἔχοντι
663 1583 923 1639 προσέθεντο.
984 1587 1102 1625 τοῦτο
1127 1584 1170 1625 δὲ
1193 1586 1261 1626 καὶ
1285 1584 1324 1626 οἱ
1346 1587 1510 1642 Μυρεΐς
1533 1587 1739 1642 ἐποίησαν,
1819 1581 1820 1589 ¹

261 1649 397 1703 ἐπειδὴ
434 1650 502 1690 τὸν
526 1651 751 1707 στρατηγὸν
775 1653 908 1694 αὐτῶν
932 1653 973 1693 ἐν
995 1656 1053 1709 τῷ
1076 1653 1231 1710 ἐπινείῳ
1255 1653 1394 1707 λαβὼν
1417 1653 1604 1698 ἀπέλυσε.
1671 1658 1740 1699 καὶ

260 1711 390 1760 τᾶλλα
415 1719 459 1760 δὲ
482 1720 539 1760 δι’
568 1719 702 1775 ὀλίγου
727 1718 1024 1777 παρεστήσατο.

352 1812 375 1846 2
398 1809 538 1855 μάοκος
568 1811 589 1848 ὃ
621 1810 798 1861 ὄκτοῖβιος
820 1815 862 1849 Α.
1000 1815 1024 1850 4
1042 1811 1179 1859 Ἀσίαν]
1213 1815 1348 1857 συρίαν
1371 1816 1414 1854 C.
1555 1815 1578 1853 7
1602 1813 1738 1863 ἔπρατ-

354 1870 420 1892 τον
444 1860 488 1894 Α.
630 1861 675 1894 10
697 1860 947 1906 πειθομένων]
973 1858 1239 1905 καταθεμένων
1262 1863 1304 1897 Α.
1419 1862 1464 1896 12
1487 1858 1530 1897 δὲ
1553 1863 1672 1899 ταῦτα
1694 1869 1738 1901 Α.

355 1904 401 1938 14
423 1902 476 1943 εἰς
497 1906 716 1948 πολιορκίαν
739 1906 935 1951 κατέστησε
958 1905 1022 1941 καὶ
1045 1904 1139 1941 εἷλεν
1165 1901 1284 1951 αὐτὴν
1298 1907 1330 1942 Α
1346 1919 1421 1943 cum
1439 1908 1564 1952 Dione,
1585 1912 1737 1956 πολιορ-

353 1949 418 1996 κίᾳ
443 1948 515 1985 εἷλε
541 1952 630 1987 PW.
671 1971 680 1974 -
726 1952 768 1987 17
795 1950 917 1987 αὐτῶν
939 1955 984 1988 Α.
1079 1953 1124 1986 22
1145 1949 1262 1987 αὐτόν
1282 1953 1327 1988 Α.
1421 1955 1471 1991 23
1493 1950 1617 1999 ὀλίγον
1639 1956 1683 1994 Α.

260 2039 418 2063 annonae
442 2030 587 2074 penuria
611 2035 847 2076 premeretur,
883 2045 926 2067 ne
954 2033 1056 2067 vivus
1080 2033 1115 2067 in
1140 2031 1250 2066 bostis
1271 2036 1483 2077 potestatem
1507 2033 1668 2079 veniret,
1698 2047 1738 2070 se

261 2074 338 2120 ipse
361 2075 553 2111 interfecit.
600 2077 760 2122 idemque
784 2078 918 2122 legatus
943 2079 1018 2114 eius
1043 2079 1094 2113 M.
1119 2078 1291 2113 Octavius
1314 2078 1415 2113 fecit.

401 2121 545 2155 Cassius
569 2122 698 2166 Syriae
722 2129 757 2157 et
779 2123 928 2159 Ciliciae
957 2127 1064 2159 rebus
1097 2123 1300 2159 constitutis
1322 2124 1356 2158 in
1381 2125 1497 2159 Asiam
1522 2125 1566 2159 ad
1591 2125 1736 2161 Brutum

263 2165 374 2202 venit.
423 2167 560 2211 cognita
593 2169 680 2203 enim
710 2169 968 2206 triumvirorum
991 2171 1251 2214 coniuratione,
1282 2181 1370 2213 quos
1402 2175 1525 2204 contra
1553 2182 1595 2206 se
1624 2173 1737 2207 moliri

261 2212 376 2245 omnia
407 2217 552 2257 norant,
588 2215 738 2248 alacrius
761 2215 996 2262 ipsi'quoque
1011 2213 1186 2251 >communi
1209 2215 1352 2250 consilio
1376 2220 1414 2250 et
1436 2215 1678 2252 deliberabant
1701 2223 1739 2253 et

261 2258 440 2302 agebant5
475 2263 512 2293 et
545 2260 694 2294 adversa
726 2261 879 2297 factione
903 2263 1029 2308 partim
1053 2274 1117 2307 per
1139 2261 1345 2305 semetipsos
1368 2261 1494 2307 partim
1518 2274 1581 2308 per
1603 2263 1737 2309 legatos

261 2304 306 2336 ad
330 2315 370 2337 se
392 2304 572 2348 traducta,
608 2311 645 2340 et
675 2308 825 2351 pecunia
857 2313 894 2342 et
924 2308 1092 2342 militibus
1127 2307 1302 2349 collectis,
1334 2308 1501 2351 quosdam
1531 2309 1739 2344 societatem

262 2349 498 2384 detrectantes
522 2359 778 2396 oppugnarunt.
826 2365 867 2388 ac
891 2354 1036 2389 Rhodiis
1062 2354 1205 2388 Cassius
1238 2353 1323 2386 mari
1358 2354 1460 2388 victis
1491 2359 1528 2387 et
1559 2366 1666 2390 naves
1699 2359 1739 2390 et

263 2395 427 2441 pecunias
454 2397 599 2431 ademit:
636 2398 762 2432 deinde
796 2400 1065 2435 Ariobarzanem
1100 2399 1382 2443 comprehensum
1416 2399 1560 2434 occidit.
1607 2401 1738 2435 Brutus

263 2452 348 2475 vero
384 2441 526 2485 Lyciam
555 2444 717 2488 subegit,
755 2445 927 2491 plerisque
958 2446 1103 2480 urbibus
1134 2446 1225 2479 ultro
1260 2444 1469 2479 deditionem
1503 2445 1738 2489 facientibu83

264 2486 326 2520 sed
360 2486 536 2522 Xanthum
569 2489 606 2522 vi
637 2496 869 2535 expugnatam
901 2491 1067 2526 incendit.
1112 2490 1238 2525 deinde
1268 2491 1396 2524 Patara
1427 2492 1606 2537 profectus
1639 2493 1738 2527 cives

264 2532 308 2565 ad
325 2533 509 2568 amicitiam
532 2546 629 2569 suam
651 2535 838 2572 invitavit=
863 2549 965 2582 quam
989 2549 1064 2571 cum
1087 2542 1369 2582 aspernarentur,
1394 2548 1457 2582 per
1480 2537 1654 2572 xanthios
1678 2549 1738 2572 ea-

264 2577 404 2622 ptivos‚
438 2585 604 2624 cognatos
635 2593 774 2625 eorum,
806 2583 1052 2617 conciliatione
1075 2583 1206 2616 frustra
1229 2586 1384 2625 tentata,
1419 2583 1572 2628 captivis
1604 2583 1738 2628 aliquot

265 2624 418 2658 venditis
441 2633 599 2660 caeteros
624 2626 755 2662 dimisit
775 2628 922 2665 liberos.
970 2639 1038 2674 quo
1075 2628 1149 2662 viso
1182 2628 1391 2662 Patarenses
1424 2628 1539 2663 statim
1571 2629 1615 2663 nd
1647 2641 1736 2673 eum,

264 2668 408 2704 virtutis
441 2671 606 2716 opinione
637 2673 760 2717 illecti,
794 2686 834 2708 se
865 2675 1094 2710 contulerunt.
1140 2673 1231 2706 idem
1270 2678 1307 2708 et
1337 2674 1520 2718 Myrenses
1562 2675 1736 2719 fecerunt,

264 2725 341 2748 cum
374 2716 494 2751 ducem
523 2729 640 2752 eorum
673 2719 710 2753 in
743 2720 858 2755 navali
892 2725 1030 2766 captum
1062 2718 1261 2756 dimisisset.
1309 2719 1442 2768 reliqua
1474 2720 1576 2755 etiam
1607 2721 1735 2766 exiguo

262 2765 421 2805 tempore
441 2763 591 2808 subegit.
