1820 3120
273 108 374 155 398
748 86 977 151 IOANNIS
1007 104 1270 150 zowARAE
1302 108 1304 110 “

408 221 574 276 Καῖσαρ
609 218 653 261 δὲ
683 217 879 276 καθεώρα
909 219 984 274 μὲν
1015 220 1081 261 καὶ
1115 218 1190 274 τὴν
1219 218 1478 276 παρασκευὴν
1509 218 1644 264 αὐτῶν
1677 220 1746 263 καὶ

65 299 162 335 WII
181 297 249 336 158
271 288 526 345 ηῧτρεπίζετο
537 319 551 339 ,
583 287 737 342 μαθών
769 288 812 330 δὲ
843 289 910 330 καὶ
940 287 1014 342 τὴν
1039 285 1221 331 διάνοιαν
1246 291 1362 344 σφῶν
1385 289 1427 339 ἐξ
1448 286 1584 331 ἄλλων
1603 305 1648 332 τε
1669 288 1749 331 κάκ

268 360 342 401 τοῦ
364 357 554 408 Δελλίου,
580 353 776 412 συνήγαγε
798 356 845 399 τὸ
871 353 1104 412 στράτευμα
1125 357 1194 398 καὶ
1219 357 1274 406 εἷς
1294 353 1430 411 μάχην
1453 355 1511 398 δι’
1537 349 1594 400 ἦν
1616 356 1748 414 εἴρηκε

269 423 530 482 παρεκάλεσε.
599 424 676 467 κᾶν
702 423 834 482 τούτῳ
857 423 975 467 ὗετοῦ
999 425 1212 480 γενομένου
1235 423 1389 481 λαῦρου
1413 425 1480 467 καὶ
1504 423 1627 480 ζάλης
1647 428 1750 468 πολ-

269 498 343 548 λῆς
381 495 437 544 εἷς
473 493 519 536 τὸ
555 497 628 535 τοῦ
657 492 869 536 Ἀντωνίου
906 493 1093 535 ναυτικὸν
1125 491 1378 547 ἐμπεσούσης
1411 491 1692 550 ἀνεθάρσησεν
1724 491 1782 536 ὃὸ

270 563 436 618 Καῖσαρ
469 562 537 604 καὶ
568 560 638 603 τὸν
672 559 842 603 ἔκπλουν
875 561 1011 603 αὐτῶν
1043 560 1240 618 ἐπετήρει.
1309 559 1366 611 ὡς
1397 561 1442 603 δέ
1473 558 1751 619 παρετάξαντο

266 631 341 686 μὲν
365 630 403 672 οἱ
426 634 502 672 τοῦ
527 629 753 681 Ἀντωνίου,
790 629 837 672 οὗ
870 629 1006 683 μέντοι
1039 628 1256 686 προῄεσαν,
1293 627 1458 686 ὥρμησε
1488 630 1565 684 μὲν
1595 627 1653 681 ὥς
1683 631 1751 672 καὶ

268 697 415 742 ἑστῶσι
438 698 554 756 σφίσι
577 699 812 753 προσμίξων
833 696 861 753 ἢ
885 699 951 740 καὶ
977 698 1240 756 ἀναχωρῆσαι
1264 697 1456 753 ποιήσων,
1491 695 1549 749 ὥς
1579 699 1621 740 δ’
1657 696 1748 741 οὔτ’

269 765 510 824 ἐξώρμησαν
540 765 630 808 οὔτ’
667 766 921 824 ἀνέστρεψαν
954 767 1059 809 ἀλλὰ
1093 767 1196 810 κατὰ
1229 764 1372 823 χώραν
1401 765 1540 820 ἔζιιενον
1570 769 1624 824 τῇ
1653 781 1753 809 συν-

217 840 247 875 Β
270 833 380 886 τάξει
416 853 458 878 τε
497 831 794 888 ἕπεπύκνωντο,
839 835 982 890 ἀνέσχε
1013 833 1164 894 χρόνον
1198 834 1311 888 τινά,
1358 832 1444 878 εἶτα
1481 831 1752 890 συμπεσόντες
1761 845 1807 881 10

268 901 539 958 ἐναυμάχουν.

400 969 665 1028 Ἀγχωμάλου
698 971 743 1014 δὲ
772 975 846 1027 τῆς
867 973 1095 1027 ναυμαχίας
1118 971 1242 1027 οἷ”σης
1264 971 1326 1013 ἐπὶ
1350 970 1456 1014 πολὺ
1478 971 1547 1014 καὶ
1569 969 1750 1028 ἀκρίτου,

270 1040 313 1083 αἳ
336 1038 608 1097 Κλεοπάτρας
640 1038 834 1094 ἑξήκοντα
871 1044 962 1095 νῆες
985 1039 1250 1095 συνθήματος
1273 1040 1377 1097 παρ’
1404 1039 1534 1095 αὐτῆς
1556 1039 1752 1091 δοθέντος

267 1108 371 1166 πρὸς
406 1107 614 1151 ἀπόπλουν
644 1107 794 1166 ἤρκασι
827 1109 878 1151 τὰ
913 1109 1019 1152 ἱστία
1050 1111 1117 1151 καὶ
1149 1109 1251 1166 πρὸς
1275 1108 1321 1151 τὸ
1345 1108 1518 1164 πέλαγος
1540 1105 1753 1164 ὥρμησανζ

269 1175 290 1220 ὅ
317 1177 358 1219 δ’
392 1175 602 1228 Ἀντώνιος
623 1176 696 1232 τὴν
721 1176 990 1235 Κλεοπάτρας
1012 1182 1112 1220 ναῦν
1137 1177 1234 1221 ἲδῶν
1257 1176 1555 1228 ἀποπλέουσαν,
1587 1175 1749 1220 πάντων
1761 1182 1807 1220 15

268 1244 565 1300 ἐπιλαθόμενος
599 1248 655 1296 εἷς
687 1244 862 1302 πεντήρη
885 1246 1070 1300 μεταβὰς
1091 1248 1229 1289 ἐδίωκε
1251 1245 1326 1301 τὴν
1349 1245 1652 1288 ἀπολωλεκυῖαν
1675 1245 1752 1288 αὗ·-

267 1314 339 1358 τόν
361 1316 428 1356 καὶ
452 1314 508 1357 ἔτι
532 1316 932 1371 προσαπολέσουσαν.
999 1316 1124 1370 ἐκείνη
1158 1316 1201 1357 δὲ
1233 1316 1464 1371 γνωρίσασα
1486 1313 1535 1356 τὸ
1556 1317 1632 1370 τῆς
1651 1313 1752 1364 νεὼς

268 1390 448 1438 σημεῖον,
491 1383 650 1437 ἀνέσχε·
695 1385 762 1435 καὶ
800 1384 1055 1440 ἀναληφθεὶς
1091 1386 1147 1434 εἷς
1181 1383 1255 1439 τὴν
1290 1384 1439 1438 ἐκείνης
1471 1385 1586 1435 ναῦν,
1627 1379 1753 1436 μόνος

268 1451 490 1506 παρελθών
520 1451 562 1502 ἐς
592 1448 762 1509 πρώραν
794 1450 974 1506 ἐκάθητο
1008 1456 1184 1494 σιωπῶν.
1252 1453 1319 1494 καὶ
1351 1457 1459 1509 τρεῖς
1488 1451 1563 1505 μέν
1595 1448 1753 1508 ἡμέρας

216 1526 247 1560 C
272 1519 378 1564 οὕτω
403 1519 602 1576 διήγαγεν,
638 1520 681 1562 ἐν
705 1521 748 1562 δὲ
774 1519 966 1578 Ταινάρῳ
998 1521 1234 1576 γενομένους
1268 1520 1312 1562 αῖ
1342 1518 1537 1574 συνήθεις
1569 1524 1809 1575 ymarus-20

271 1591 339 1633 καὶ
362 1587 589 1645 συνήγαγον
612 1589 680 1631 καὶ
704 1591 951 1632 συνδειπνεῖν
968 1591 1040 1632 ’καὶ
1065 1587 1358 1645 συγκαθεύδειν
1381 1589 1606 1631 ἀνέπεισαν.
1639 1587 1686 1631 τὸ
1708 1588 1753 1630 δὲ
1819 1609 1820 1630 ι

267 1662 341 1701 τοῦ
376 1657 588 1700 Ἀντωνίου
624 1657 812 1700 ναυτικὸν
847 1658 951 1712 μετὰ
987 1658 1061 1712 τὴν
1102 1659 1229 1701 αὐτοῦ
1264 1654 1525 1713 ὑποχώρησιν
1563 1655 1754 1711 ἃντισχόν
1819 1656 1820 1700 s

269 1725 411 1784 μέχρις
443 1723 554 1783 ὥρας
586 1723 778 1781 δεκάτης,
820 1725 948 1783 πυρὸς
980 1726 1261 1781 ἐπενεχθέντος
1291 1732 1376 1776 τοῖς
1407 1722 1585 1783 σκάφεσι
1613 1722 1753 1768 κελεύ-

361 1867 384 1900 5
410 1861 501 1906 ἔςΒ
655 1864 677 1901 7
699 1876 750 1909 πρ
730 1862 909 1910 ροσήεσαν
931 1866 974 1902 Α.
1121 1866 1144 1901 9
1167 1861 1378 1912 ἀνέτρεψαν
1401 1863 1638 1901 (214
1658 1875 1687 1899 π
1689 1861 1754 1910 ode

364 1909 563 1947 α’πόπλουν
584 1911 616 1946 Α
643 1911 864 1956 Plutarchus,
892 1909 945 1952 εἰς
967 1908 1164 1974 ἀπόπλουν
1186 1912 1276 1948 PW.
1411 1911 1461 1946 20
1482 1906 1601 1952 ουτως
1621 1876 1709 1946 AB?

408 2036 544 2070 Caesar
566 2048 683 2070 eorum
706 2035 935 2071 instructione
956 2036 1036 2070 visa
1060 2039 1184 2071 contra
1204 2046 1243 2070 se
1263 2036 1434 2090 parabat3
1459 2035 1520 2071 sed
1535 2046 1654 2070 eorum
1668 2046 1753 2070 con-

269 2084 350 2118 silio
386 2086 457 2116 tum
493 2094 537 2116 ex
567 2082 646 2116 aliis
680 2088 751 2116 tum
785 2093 828 2116 ex
852 2083 964 2116 Dellio
988 2083 1130 2127 cognito
1155 2083 1346 2117 exercitum
1379 2082 1601 2118 convocavit.
1649 2092 1750 2136 quem

270 2130 352 2164 dum
376 2129 421 2162 ad
442 2139 594 2173 pugnam
617 2128 840 2172 cohortatur,
872 2128 1009 2173 ingenti
1041 2129 1143 2162 imbri
1167 2133 1202 2162 et
1224 2129 1364 2164 turbine
1385 2128 1420 2162 in
1442 2128 1588 2162 classem
1609 2126 1751 2162 Antonii

268 2175 378 2218 illato,
404 2178 582 2218 resumpta
602 2174 733 2208 fiducia
757 2185 874 2208 eorum
899 2174 1031 2207 abitum
1053 2174 1275 2209 observavit.
1320 2185 1467 2219 cumque
1494 2173 1687 2209 Antoniani
1714 2173 1751 2208 in

267 2221 453 2275 procinctu
473 2224 612 2253 starent
636 2231 701 2253 nec
723 2225 845 2254 tamen
862 2221 1065 2265 prodirent,
1097 2220 1133 2254 in
1166 2221 1280 2255 animo
1305 2219 1428 2254 habuit
1450 2231 1510 2254 eos
1534 2219 1594 2254 vel
1616 2222 1752 2254 stantes

268 2267 416 2312 aggredi
441 2266 495 2300 vel
518 2265 702 2311 repellere.
739 2266 802 2300 sed
829 2267 912 2311 quia
939 2277 1052 2310 neque
1075 2266 1265 2311 prodibant
1286 2277 1401 2310 neque
1423 2277 1463 2299 se
1485 2266 1752 2309 convertebant,

269 2315 331 2347 sed
365 2312 442 2346 loco
478 2323 547 2345 non
577 2316 710 2345 mutato
746 2312 855 2346 aciem
890 2313 1171 2356 condensabant,
1206 2311 1454 2359 aliquantulum
1486 2315 1642 2347 moratus
1674 2314 1750 2345 est.

270 2359 397 2392 deinde
420 2358 602 2402 congressi
626 2362 884 2402 pugnaverunt.

409 2405 496 2438 Cum
517 2403 576 2437 diu
600 2414 711 2457 aequo
736 2404 854 2438 Marte
878 2406 916 2438 et
938 2403 1079 2448 ancipiti
1103 2401 1249 2437 victoria
1275 2402 1513 2446 dimicaretur,
1538 2401 1751 2447 Cleopatrae

269 2450 457 2496 sexaginta
487 2461 597 2483 naves
628 2450 730 2494 signo
765 2451 809 2483 ab
840 2461 882 2484 ea
913 2450 996 2483 dato
1034 2449 1121 2483 velis
1154 2449 1197 2483 ad
1220 2448 1409 2482 discessum
1433 2429 1537 2482 elatis
1561 2448 1687 2502 pelago
1710 2458 1750 2482 se

268 2497 524 2531 commiserunt.
572 2495 746 2529 Antonius
778 2507 865 2529 vero
899 2496 1086 2530 abeuntem
1120 2495 1334 2548 Cleopatrae
1365 2505 1488 2529 navem
1527 2494 1750 2548 conspicatus

268 2542 305 2576 in
330 2543 609 2587 quinqueremem
630 2542 862 2585 transcendit,
887 2541 1083 2585 oblitusque
1106 2552 1220 2574 rerum
1245 2540 1394 2574 omnium
1418 2551 1492 2574 eam
1515 2539 1751 2594 persequitur,

267 2599 359 2642 quae
382 2588 494 2632 ipsum
518 2587 724 2632 perdiderat
747 2593 784 2621 et
807 2586 954 2632 amplius
980 2587 1158 2632 perditura
1183 2590 1272 2621 erat.
1302 2586 1361 2620 illa
1382 2597 1468 2620 vero
1493 2585 1624 2630 agnitis
1647 2584 1750 2619 navis

265 2633 462 2678 insignibus
486 2633 656 2669 substitit.
681 2633 731 2667 ita
755 2634 790 2667 in
814 2632 908 2667 illius
933 2644 1055 2667 navem
1079 2637 1242 2677 receptus
1265 2636 1303 2666 et
1326 2632 1418 2666 solus
1443 2632 1482 2666 in
1506 2642 1645 2686 proram
1665 2642 1751 2676 pro-

267 2690 410 2723 gressus
435 2679 525 2713 sedit
548 2679 690 2713 tacitus.
738 2679 928 2724 triduoque
953 2679 1005 2713 sic
1029 2682 1167 2720 exacto,
1190 2689 1265 2712 cum
1290 2678 1490 2712 Taenarum
1514 2676 1690 2720 venisset,
1726 2686 1750 2710 a

266 2724 488 2759 tamiliarium
514 2725 693 2759 mulierum
719 2730 821 2759 coetu
847 2725 890 2758 ad
916 2724 1196 2759 concenationem
1231 2729 1269 2758 et
1297 2724 1342 2758 ad
1373 2723 1594 2758 concubitum
1617 2728 1673 2757 est
1693 2721 1750 2756 in-

268 2770 414 2806 vitatus.
463 2771 538 2804 eius
568 2781 655 2804 vero
688 2770 809 2805 classis
839 2775 921 2816 post
950 2770 1140 2805 discessum
1171 2770 1283 2815 ipsius
1317 2781 1392 2805 cum
1426 2769 1471 2804 ad
1495 2769 1615 2803 horam
1639 2778 1751 2813 usqne
