1794 3120
275 104 342 150 80
750 109 977 155 IOANNIS
1011 112 1269 157 ZONARAE
1787 141 1794 182 ξ

277 221 428 275 εἲσῆγεν
465 214 587 271 αὖθις
618 221 764 273 αὐτοὺς
793 226 1122 280 γυμνασαμένους
1152 225 1298 277 εὐθύς·
1334 226 1444 278 τέλος
1473 226 1517 271 δ’
1552 228 1608 279 εἰς
1638 245 1733 280 τους
1788 211 1794 291 J

274 286 539 345 προφύλακας
571 294 651 333 τῶν
675 289 881 346 Ῥωμαίων
912 294 1093 348 ἐνέβαλεν
1125 293 1304 344 ἅπαντας
1334 297 1401 338 καὶ
1425 294 1535 352 ἄγειν
1555 295 1732 341 ἐκέλευσε
1788 298 1794 348 ζ·

275 356 377 412 πρὸς
399 356 467 399 τὸν
491 355 714 412 Κάμιλλον,
748 363 814 403 καὶ
837 362 1048 420 παραστὰς
1072 363 1183 421 αὐτῷ
1204 367 1337 405 πᾶσαν
1360 361 1439 406 εἶπε
1461 363 1731 421 παραδιδόναι
1787 350 1794 422 ,J

226 432 256 466 C
279 422 489 479 τὴνπόλιν
512 426 579 468 διὰ
603 432 681 471 τῶν
704 430 871 472 παίδων.
940 432 1084 481 ἐκεῖνος
1109 432 1152 473 δὲ
1175 431 1302 474 δεινὸν
1324 430 1370 473 τὸ
1393 430 1506 487 ἔργον
1526 429 1730 488 ἧγησάμε-
1773 450 1794 480 ᾗ

273 509 361 544 νος,
396 495 462 535 καὶ
497 494 620 552 ἀρετῇ
652 495 787 553 φήσας
810 499 893 558 ῗδία
916 499 985 541 τὸν
1005 499 1130 555 μέγαν
1152 499 1374 556 στρατηγὸν
1395 498 1489 542 ἀλλ’
1514 499 1588 544 οὔκ
1605 501 1761 543 ἀλλο-6
1792 543 1794 545 .

272 562 363 621 τρία
386 563 504 622 κακία
526 567 762 620 θαρροῦντα
780 571 931 623 χρῆναι
954 565 1195 624 στρατεύειν,
1229 560 1452 624 προσέταξέ
1468 571 1731 624 γυμνωθῆναι
1791 558 1794 563 ¹

271 630 344 683 μὲν
375 629 443 672 τὸν
478 630 721 675 διδάσκαλον
756 636 822 675 καὶ
856 636 1052 689 δεσμῆσαι
1085 635 1158 685 τὰς
1181 642 1320 693 χεῖρας
1352 635 1546 688 ὄπισθεν,
1579 642 1663 687 τοῖς
1686 637 1731 680 δὲ

271 699 385 740 παισὶ
418 696 596 755 ῥάβδους
629 703 768 744 δοῦναι
799 703 866 743 καὶ
897 701 1119 758 μάστιγας,
1160 705 1228 745 ἵνα
1250 703 1417 754 ταύταις
1439 703 1509 747 τὸν
1530 701 1730 760 προδότην
1791 752 1794 756 Α

271 764 464 820 δήσαντες
485 770 551 810 καὶ
575 766 783 819 τύπτοντες
806 772 862 821 εἷς
883 771 955 826 τὴν
977 770 1092 813 πόλιν
1115 770 1321 815 ἐλαύνωσι.
1391 775 1472 815 τῶν
1494 773 1538 814 δὲ
1559 775 1730 815 πολιτῶν

272 832 364 890 ἄρτι
395 833 568 889 γνόντων
597 836 669 890 τὴν
700 839 920 893 προδοσίαν
950 837 1100 896 δρόμος
1121 835 1169 894 ἦν
1193 841 1255 882 ἐπὶ
1279 840 1330 883 τὰ
1352 841 1460 895 τείχη
1483 842 1550 882 καὶ
1573 843 1784 898 θρῆνος-10

271 902 429 956 ἀνδρῶν
461 920 502 943 τε
528 905 594 944 καὶ
618 910 828 958 γυναικῶν.
897 906 1001 949 οὕτω
1025 909 1069 949 δὲ
1094 908 1348 962 διακειμένων
1371 908 1503 951 αὐτῶν
1524 913 1729 966 προσῆγον

271 969 310 1011 οἱ
334 971 472 1019 παῖδες
493 971 642 1025 γυμνὸν
665 971 734 1013 τὸν
758 970 1016 1015 διδάσκαλον.
1085 972 1181 1031 ὅπερ
1205 974 1355 1026 ῗδόντες
1377 977 1416 1018 οἱ
1441 977 1638 1019 Φαλίσκοι
1660 980 1728 1019 καὶ
1785 995 1794 1030 ,ζ

200 1048 251 1082 ’Β
272 1035 475 1091 μαθόντες
497 1036 605 1088 ὅπως
628 1038 790 1094 ἐγένετο,
826 1041 1013 1097 φέροντες
1035 1039 1202 1092 ἑαυτοὺς
1223 1043 1428 1085 ἐθελονταὶ
1450 1047 1509 1101 τῷ
1531 1044 1728 1103 Καμίλλῳ

267 1105 520 1162 παρέδοσαν,
555 1107 626 1160 τὴν
657 1102 780 1162 ’ἧτταν
803 1109 1008 1165 ἀγαπῆσαι
1032 1110 1109 1168 πρὸ
1132 1114 1204 1165 τῆς
1225 1111 1456 1168 ἐλευθερίας
1479 1111 1546 1154 διὰ
1569 1110 1642 1167 τὴν
1665 1113 1727 1154 δι·-
1783 1147 1790 1167 ,

270 1171 485 1229 καιοσύνην
508 1175 633 1217 αὐτοῦ
654 1177 841 1232 λέγοντες.
1734 1185 1780 1222 15

402 1240 610 1299 Χρήματα
645 1239 714 1286 οὖν
747 1245 886 1299 λαβὼν
917 1247 984 1287 καὶ
1007 1244 1270 1300 σπεισάμενος
1292 1245 1554 1304 ἀνεχώρησεν.
1623 1246 1662 1289 οἷ
1683 1247 1728 1289 δὲ

267 1314 532 1366 στρατιῶται,
569 1311 803 1368 διαρπάσειν
826 1312 1174 1369 προσδοκήσαντες
1192 1314 1286 1365 τοὺς
1311 1316 1548 1372 Φαλερίους,
1581 1311 1637 1365 ὧς
1657 1331 1726 1368 μι-
1788 1365 1792 1369 ¹

266 1377 448 1433 σοδήμου
472 1379 718 1437 κατηγόρουν
742 1381 880 1424 αὐτοῦ.
925 1385 1151 1438 φθονηθεὶς
1175 1383 1216 1424 δ’
1242 1384 1303 1425 ἐπὶ
1327 1383 1445 1426 πλέον
1463 1380 1725 1438 κατηγορήθη

87 1451 245 1488 W1133
269 1444 325 1496 ὥς
354 1448 479 1502 μηδὲν
511 1448 555 1490 τὸ
590 1447 783 1504 δημόσιον
807 1451 849 1492 ἐκ
871 1454 950 1492 τῶν
977 1454 1237 1507 Τυρρηνικῶν
1261 1449 1474 1508 ὠφελήσας
1490 1448 1724 1508 χρημάτων,
1780 1441 1787 1449 ⁵

266 1515 389 1565 αὐτὸς
425 1516 467 1558 δ’
501 1518 543 1558 ἔκ
574 1516 725 1560 τούτων
756 1516 1102 1575 σφετερισάμενος.
1180 1517 1285 1562 οὕτω
1319 1519 1363 1562 δὲ
1393 1519 1604 1575 ὠργίζοντο
1625 1518 1778 1564 κατ’20

267 1583 393 1626 αὐτοῦ’
405 1616 418 1636 ,
456 1581 511 1635 ὥς
540 1586 642 1640 μηδ’
671 1585 799 1628 οἶκτον
823 1587 949 1629 αὐτοῦ
970 1604 1056 1629 τινα
1080 1591 1217 1639 λαβεῖν
1242 1589 1303 1629 ἐπὶ
1326 1591 1378 1644 τῇ
1399 1585 1590 1644 συμβᾶσῃ
1614 1586 1724 1644 αὐτῷ

266 1657 478 1712 συμφορᾷ*
491 1654 657 1709 τέθνηκε
671 1655 747 1712 γὰρ
762 1654 887 1697 αὐτοῦ
897 1653 1103 1710 νοσήσαςὸ
1119 1656 1249 1712 ἕτερος
1262 1659 1340 1698 τῶν
1351 1655 1461 1699 υἱῶν.
1479 1653 1666 1708 δεόμενος
1679 1655 1724 1696 δὲ

356 1760 379 1795 6
401 1761 619 1817 θαρροῦντα
641 1772 694 1796 om
716 1761 761 1796 A.
876 1761 1060 1818 γυμνῶσαι
1082 1762 1125 1801 Α.
1239 1762 1262 1798 9
1284 1758 1461 1806 δήσαντες
1483 1758 1545 1797 καὶ
1571 1773 1625 1817 qm
1646 1762 1721 1796 AB.

355 1806 400 1841 13
422 1802 591 1850 ἐγενοντο
615 1807 657 1843 Α.
838 1807 881 1843 16
903 1818 1140 1853 ανεχωρησαν
1160 1807 1202 1842 Α.
1384 1807 1428 1844 17
1449 1807 1653 1852 διαρπασαι
1674 1806 1720 1842 Α.

358 1853 403 1888 19
429 1853 686 1897 Τυρρηνικῶν]
710 1853 934 1896 τυραννικῶν
955 1853 998 1887 A.
1133 1853 1178 1887 22
1201 1850 1374 1896 δεόμενος
1394 1849 1459 1898 δὲ]
1482 1853 1547 1887 huc
1565 1854 1720 1887 referen-

357 1899 515 1980 dcumfist
536 1899 659 1979 Βίιοὲιὶε
683 1904 883 1946 excerptum
909 1899 1116 1933 Vaticanum
1131 1900 1189 1934 25.
1213 1899 1275 1934 sed
1298 1901 1406 1934 verba
1427 1903 1510 1934 sunt
1530 1898 1720 1944 Plutarchi,

390 1956 455 1978 arm
484 1969 494 1979 .
521 1956 550 1978 c.
622 1969 631 1979 .

265 2035 418 2080 quotidie
434 2045 558 2080 pueros
575 2046 683 2080 prope
697 2036 831 2069 moenia
845 2036 1025 2079 educebat,
1047 2035 1269 2070 brevioribus
1286 2034 1383 2070 initio
1399 2034 1532 2080 spatiis,
1556 2034 1721 2080 peractis—

264 2091 331 2126 que
355 2081 658 2115 exercitationibus
683 2081 798 2115 statim
817 2081 1025 2115 reducebat:
1051 2082 1197 2127 denique
1220 2091 1336 2115 omnes
1356 2081 1394 2114 in
1419 2081 1579 2116 excubias
1591 2081 1720 2115 Roma-

263 2137 382 2161 norum
409 2126 582 2160 coniectos
607 2127 650 2160 ad
674 2127 849 2162 Camillum
873 2127 952 2165 duci
973 2127 1088 2170 iussit,
1111 2128 1212 2172 eique
1235 2127 1338 2170 dixit,
1362 2138 1426 2171 per
1447 2138 1506 2161 eos
1530 2138 1656 2172 pueros
1680 2139 1720 2160 se

263 2176 371 2206 totam
401 2171 452 2206 illi
482 2173 600 2206 urbem
631 2173 782 2208 tradere.
840 2173 1002 2207 Camillus
1033 2173 1069 2206 id
1102 2173 1235 2206 facinus
1268 2172 1458 2206 detestatus
1475 2199 1486 2217 ‚
1518 2172 1717 2217 imperatori

263 2222 388 2262 suapte
411 2217 554 2260 virtute,
580 2229 647 2251 non
671 2219 783 2252 aliena
804 2218 1024 2264 improbitate
1046 2219 1137 2252 freto
1162 2218 1251 2253 bella
1273 2218 1426 2263 gerenda
1449 2229 1526 2252 esse
1546 2218 1655 2258 dixit3
1676 2228 1717 2251 ac

264 2263 462 2307 magistrum
495 2263 656 2297 nudatum
688 2264 844 2298 manibus
874 2270 954 2310 post
980 2271 1113 2309 tergum
1143 2263 1282 2309 illigatis
1305 2264 1536 2297 reducendum
1558 2263 1717 2299 Falerios

262 2309 384 2354 pueris
414 2309 580 2352 tradidit,
614 2310 720 2354 virgis
754 2314 788 2343 et
812 2309 957 2355 flagellis
988 2310 1095 2353 datis,
1127 2313 1167 2343 ut
1200 2308 1411 2355 proditorem
1441 2309 1647 2344 verberibus
1678 2309 1716 2342 in

263 2357 383 2388 urbem
415 2358 571 2399 agerent.
626 2355 821 2400 proditione
850 2356 1008 2401 cognita,
1039 2366 1275 2400 concursuque
1305 2355 1459 2390 virorum
1483 2360 1520 2390 et
1541 2355 1716 2390 mulierum

262 2400 519 2435 lamentantium
552 2401 590 2434 in
626 2402 758 2435 moenia
781 2402 895 2446 facto,
919 2400 1018 2447 pueri
1041 2401 1239 2446 magistrum
1262 2402 1389 2435 nudum
1412 2401 1600 2436 adducunt.
1646 2410 1714 2446 quo

262 2446 461 2490 spectaculo
486 2447 637 2492 promoti
659 2447 789 2481 Falisci
815 2459 853 2482 re
876 2447 1015 2492 cognita
1037 2447 1126 2480 ultro
1150 2446 1357 2480 deditionem
1379 2447 1521 2481 Camillo
1544 2447 1716 2489 fecerunt,

262 2503 299 2525 se
322 2491 414 2526 illius
437 2496 507 2527 tam
529 2492 655 2527 iustum
678 2493 854 2538 imperium
879 2505 962 2527 suae
984 2493 1140 2527 libertati
1161 2503 1375 2547 praeponere
1395 2492 1560 2538 professi.

398 2538 484 2572 Cum
509 2542 651 2585 accepta
673 2540 822 2584 pecunia
844 2540 925 2574 data
950 2550 993 2573 ue
1041 2549 1101 2572 ace
1131 2542 1350 2583 recessisset,
1382 2538 1503 2572 milites
1525 2536 1716 2583 direptione

260 2582 474 2618 Faleriorum
498 2585 658 2618 frustrati
682 2584 823 2619 Camillo
845 2585 965 2631 popui
987 2596 1006 2618 ο
1031 2585 1099 2618 ἰιιιῐι
1123 2584 1337 2619 obiecerunt.
1384 2588 1555 2628 auctaque
1576 2582 1716 2618 invidia

258 2630 523 2673 repetundarum
547 2635 725 2664 accusatus
750 2635 815 2675 est,
838 2637 877 2665 ut
899 2630 957 2676 qui
973 2629 1191 2674 Tyrrhenam
1218 2629 1380 2676 praedam
1403 2628 1630 2673 surripuisset
1652 2638 1717 2661 nec

258 2673 296 2707 in
320 2675 488 2710 aerarium
514 2676 594 2710 inde
619 2676 800 2722 quicquam
823 2677 1007 2713 intulisset.
1056 2687 1096 2709 ac
1120 2679 1219 2709 tanta
1237 2675 1404 2710 adversus
1429 2685 1504 2708 eum
1526 2675 1594 2708 fuit
1608 2673 1717 2708 homi-

256 2729 338 2752 num
360 2720 552 2765 iracundia,
575 2725 613 2756 ut
635 2733 680 2756 ne
702 2723 834 2767 privati
855 2722 992 2767 quidem
1013 2721 1124 2755 luctus
1148 2721 1315 2755 rationem
1330 2722 1511 2763 haberent,
1535 2719 1642 2753 altero
1666 2730 1715 2753 ex

257 2763 333 2799 eius
357 2765 436 2801 filiis
460 2769 579 2803 morbo
603 2767 789 2806 exstincto.
836 2779 978 2813 cumque
1003 2766 1129 2802 amicos
1152 2770 1308 2812 rogasset
1330 2770 1369 2801 ut
1391 2765 1460 2801 sibi
1473 2776 1539 2811 per
1552 2763 1711 2799 iniuriam
1764 2795 1765 2798 ,
