1794 3120
265 115 332 160 44
731 117 956 162 IOANNIS
988 119 1246 163 ZONARAE

263 233 343 272 τῶν
376 229 442 269 καὶ
473 227 541 271 τὸν
566 229 757 273 Οὐΐνδικα
788 230 1099 288 παρεστήσαντο.
1164 230 1215 276 τά
1237 249 1279 274 τε
1300 230 1519 289 γράμματα
1541 232 1709 288 ἀνεγνώ-

266 300 449 350 σθησαν·
496 298 562 339 καὶ
594 298 632 340 οἱ
661 299 734 352 μὲν
768 298 881 341 ἄλλοι
907 301 954 342 -ἔν
987 302 1183 360 κατηφείᾳ
1211 295 1316 355 ἦσαν
1345 301 1412 342 καὶ
1434 304 1589 358 σιωπῇ,
1623 298 1644 343 ὅ
1669 302 1711 344 δὲ

264 367 447 420 Βροῦτος
458 363 647 419 ὀνομαστὶ
659 371 738 409 τῶν
747 367 863 410 υἱέων
873 366 1059 425 ἑκάτερον
1075 365 1301 424 προσειπών
1311 365 1336 382 “
1343 367 1414 411 σιἰκ
1424 367 1709 424 &notorem-9³²⁶,

213 445 244 479 c
267 430 344 489 ἔφη
371 430 499 489 απρὸς
529 433 600 487 τὴν
631 436 870 491 κατηγορίαν
879 435 925 490 ‚·''
961 441 1040 478 τῶν
1073 437 1115 477 δὲ
1143 434 1382 479 σιωπώντων
1403 437 1592 493 στραφεὶς
1611 435 1712 493 πρὸς

262 499 358 550 τοὺς
388 498 588 556 ὗπηρέτας
612 499 863 559 (εὖμέτερον”
900 501 1002 546 εἶπεν
1026 502 1134 558 ((ἤδη
1158 505 1296 546 λοιπὸν
1318 505 1363 547 τὸ
1388 503 1536 560 {brou-²²
1604 504 1643 546 οἱ
1666 504 1744 551 δὲ5

264 566 529 622 συλλαβόντες
551 569 645 620 τοὺς
666 572 891 621 νεανίσκους
912 569 1077 627 ῥάβδοις
1099 572 1340 622 κατέξαινον.
1389 572 1456 614 καὶ
1476 575 1558 614 τῶν
1579 570 1712 615 ἄλλων

264 636 538 690 ἐπικλωμένων
569 645 652 687 τοῖς
683 637 927 692 πάσχουσιν,
960 637 981 680 5
1006 639 1137 695 πατὴρ
1165 638 1255 681 οὔτ’
1282 637 1479 693 ἀλλαχόσε
1501 639 1574 689 τὰς
1595 638 1712 694 ὄψεις

263 702 464 760 ἀπήγαγεν
496 703 586 747 οὔτε
615 705 695 759 μὴν
727 706 860 748 οἴκτου
882 724 921 748 τι
943 707 1157 757 ἐνεδείξατο
1180 707 1297 764 μέχρι
1319 707 1470 750 πελέκει
1490 707 1564 757 τὰς
1584 723 1712 764 κεφα-

265 771 339 822 λὰς
371 775 451 814 τῶν
484 773 637 814 παίδων
661 774 882 828 ἀπέκοψαν.
950 779 1066 817 τοῦτο
1091 775 1135 816 δὲ
1158 774 1244 816 οὔτ’
1272 769 1442 818 ἐπαινεῖν
1465 774 1555 818 οὔτε
1576 776 1711 830 ψέγειν

264 840 346 882 ἐστὶ
385 838 544 898 ῥᾴδιον·
577 839 604 894 ἢ
635 841 711 896 γὰρ
745 841 887 897 ἀρετῆς
917 840 1026 896 ὕψος
1055 844 1111 892 εἷς
1139 841 1339 884 ἀπάθειαν
1361 844 1565 898 ἐξέστησεν
1587 843 1782 886 αὗτοῦ10“

263 907 336 960 τὴν
370 904 527 959 ψυχήν,
571 906 598 960 ἢ
629 906 790 957 πάθους
824 909 996 963 μέγεθος
1025 911 1081 959 εἷς
1113 909 1380 966 ἀναλγησίαν·
1426 911 1632 969 οὐδέτερον
1667 911 1712 953 δὲ

262 972 406 1030 μικρὸν
429 974 517 1015 οὐδ’
544 973 825 1030 ἀνθρώπινον,
860 975 956 1017 ἀλλ’
982 975 1009 1030 ’ἢ
1032 980 1144 1018 θεῖον
1165 976 1192 1031 ἢ
1214 980 1428 1034 θηριῶδες.

403 1040 520 1083 Οὕτω
551 1043 596 1084 δὲ
618 1041 768 1085 τούτων
789 1042 997 1086 θανόντων
1019 1046 1085 1086 καὶ
1108 1045 1196 1101 περὶ
1218 1049 1298 1088 τῶν
1319 1045 1451 1088 ἄλλων
1473 1049 1712 1100 συνωμοτῶν

263 1113 406 1166 ψῆφον
429 1110 592 1165 ἐνεγκεῖν
615 1108 636 1151 5
656 1112 883 1167 Βροῦτος’
861 1110 1052 1168 απῄτητο.
1099 1110 1119 1153 5
1146 1110 1231 1154 δέ“
1235 1119 1319 1163 τοῖς
1339 1113 1411 1168 μὲν
1431 1112 1584 1156 υιέσιν”
1610 1111 1711 1156 ειπεν

213 1175 273 1224 1)ς
275 1175 414 1227 ιαὐτὸς
436 1178 621 1233 ἀποχρῶν
647 1181 725 1232 εἶμι
750 1178 951 1234 δικαστής,
981 1180 1070 1237 περὶ
1094 1180 1138 1221 δὲ
1159 1184 1239 1223 τῶν
1264 1180 1396 1223 ἄλλων
1423 1187 1507 1231 τοῖς
1528 1182 1707 1231 πολίταις
1719 1188 1762 1225 15
1792 1197 1794 1226 ι

265 1246 492 1302 ελευθέροις
515 1262 604 1288 ουσι
625 1250 696 1300 τῆς
718 1246 863 1303 ψήφου
887 1247 1153 1304 παραχωρῶ.”
1203 1248 1350 1306 ψήφου
1371 1250 1501 1292 τοίνυν
1523 1250 1712 1304 δοθείσης
1793 1253 1794 1256 ’

265 1311 409 1362 πάντες
444 1315 765 1369 ἐπελεκίσθησαν.
842 1333 946 1370 ησαν
985 1317 1030 1358 δὲ
1067 1313 1218 1357 τούτων
1255 1317 1356 1367 τινὲς
1385 1322 1444 1374 τῷ
1477 1318 1715 1374 Κολλατίνῳ

265 1380 548 1437 προσήκοντες·
584 1382 644 1423 δι’
671 1381 740 1432 οὓς
762 1384 827 1424 καὶ
853 1383 1049 1440 ὠργίζετο.
1118 1382 1215 1425 ὅθεν
1238 1383 1259 1426 ὃ
1285 1387 1465 1440 Βροῦτος
1489 1385 1593 1428 οὕτω
1616 1386 1707 1427 κατ’

266 1449 391 1492 αὐτοῦ
414 1449 482 1491 τὸν
506 1451 633 1504 δῆμον
655 1449 883 1507 παρώξυνεν
905 1449 959 1502 ὥς
979 1455 1127 1508 μικροῦ
1151 1454 1232 1493 δεῖν
1254 1454 1321 1494 καὶ
1343 1453 1568 1512 αὐτοχειρίᾳ
1591 1442 1731 1496 αὐτὸνῚ

265 1517 426 1560 ἀνελεῖν.
483 1517 586 1559 ἀλλὰ
610 1523 725 1561 τοῦτο
748 1519 821 1572 μὲν
843 1519 915 1561 οὐκ
941 1521 1140 1574 ἐποίησαν,
1167 1520 1238 1574 τὴν
1261 1523 1286 1562 δ
1293 1520 1304 1536 ²
1331 1520 1460 1576 ἀρχὴν
1481 1519 1767 1576 ἠνάγκασαν20

267 1585 388 1628 αὐτὸν
421 1586 610 1628 ἀπειπεῖν.
679 1585 827 1629 εἵλοντο
861 1588 904 1629 δὲ
940 1587 1029 1630 ἀντ’
1067 1588 1215 1629 ἐκείνου
1247 1587 1495 1645 συνάρχοντα
1529 1587 1712 1631 Πόπλιον

269 1653 535 1709 Οὐαλλέριον,
580 1654 623 1705 ὃς
644 1653 905 1706 Ποπλικόλας
936 1653 1286 1712 προσωνομάσθη·
1322 1658 1441 1711 δηλοῖ
1458 1657 1500 1700 δ’
1525 1655 1552 1711 ἦ
1574 1660 1712 1711 κλῆσις

266 1722 580 1777 ἔξελληνιζομένη
605 1725 813 1778 δημοκηδῆ
834 1723 860 1778 ἢ
884 1723 1218 1778 δημοτικώτατον.

358 1819 380 1852 1
408 1813 587 1852 Οὐΐνδικα
612 1817 694 1851 libri
716 1829 844 1854 omnes.
1013 1819 1035 1853 5
1056 1815 1187 1852 λοιπὸν
1207 1814 1250 1854 τὸ
1273 1815 1381 1863 Α,τό
1406 1814 1534 1854 λοιπὸν
1554 1817 1644 1861 PW,
1668 1812 1710 1852 τὰ

357 1858 486 1896 λοιπὸν
507 1860 549 1897 τὸ
570 1863 773 1897 Plutarchus
795 1862 912 1908 vulgo.
1050 1865 1096 1899 10
1117 1845 1350 1910 ἐξανέστησεν
1371 1865 1414 1901 Β.
1565 1863 1610 1900 19
1632 1863 1713 1897 δεῖν

358 1919 412 1942 om
431 1908 505 1944 AB.
661 1905 899 1954 αὕτοχειρίοις
921 1907 964 1945 C.

267 1986 473 2023 afferuntur.
518 1986 731 2021 deducuntur
761 1988 799 2022 in
823 1988 950 2022 forum·
982 1988 1141 2024 adstante
1162 1988 1323 2023 Vindicio
1345 1987 1484 2022 litterae
1507 1987 1712 2021 recitantur.

267 2032 344 2065 aliis
367 2036 530 2065 maestum
553 2032 722 2066 silentium
746 2035 943 2068 tenentibus
968 2035 1096 2069 Brutus
1119 2034 1316 2076 nominatim
1338 2038 1519 2078 utrumque
1539 2032 1646 2066 filium
1663 2032 1711 2066 al-

266 2075 439 2111 locutus
459 2089 524 2110 ιιοιι
552 2076 751 2135 depellitis„’
786 2079 901 2136 inquit
927 2076 1141 2114 “crimen‘?”
1174 2079 1264 2135 illis„
1276 2079 1467 2113 tacentibus
1497 2078 1541 2112 ad
1570 2078 1711 2112 lictores

267 2134 456 2157 conversus
474 2119 593 2167 “quod
614 2120 748 2158 restat”
780 2125 830 2159 ait
859 2122 981 2159 ‘vestri
1005 2126 1155 2159 muneris
1177 2120 1264 2162 est.'’
1310 2124 1337 2158 ii
1358 2124 1594 2158 adolescentes
1617 2135 1713 2158 atre--

267 2173 346 2214 ptos
370 2168 490 2212 flagris
512 2169 721 2204 ceciderunt.
768 2182 911 2215 quorum
932 2170 1164 2205 misericordia
1184 2181 1259 2204 cum
1281 2169 1340 2204 alii
1355 2174 1587 2213 moverentur,
1610 2175 1712 2214 pater

267 2225 380 2258 neque
405 2214 520 2247 oculos
543 2214 607 2248 alio
631 2216 760 2250 avertit
780 2228 890 2262 neque
910 2217 1011 2251 ullum
1032 2215 1291 2250 misericordiae
1312 2215 1445 2260 signum
1468 2215 1576 2257 dedit,
1598 2214 1713 2259 quoad

269 2259 382 2294 securi
403 2260 560 2304 percussi
581 2264 672 2295 sunt.
718 2262 782 2295 hoc
809 2264 936 2296 factum
958 2273 1070 2307 neque
1091 2261 1231 2295 laudare
1252 2271 1365 2306 neque
1387 2261 1588 2316 vituperare
1599 2271 1714 2314 prom-

269 2309 364 2351 ptum
388 2310 462 2339 est·
487 2310 547 2339 aut
569 2306 656 2339 enim
679 2306 819 2341 virtutis
841 2308 984 2342 altitudo
1007 2307 1281 2353 perturbationes
1311 2318 1426 2341 omnes
1448 2307 1484 2340 in
1505 2306 1580 2340 eius
1601 2305 1712 2340 aninuo

269 2351 466 2405 oppressit,
489 2357 550 2385 aut
571 2352 771 2387 calamitatis
795 2354 993 2398 magnitudo
1015 2354 1049 2387 ei
1070 2357 1244 2407 stuporem
1266 2352 1398 2386 attulit.
1439 2356 1597 2386 neutrum
1627 2361 1712 2385 vero

270 2397 430 2442 exiguum
453 2402 508 2430 est
532 2401 593 2430 aut
614 2398 805 2443 humanum,
830 2400 890 2433 sed
913 2405 972 2434 aut
994 2398 1189 2434 divinitatis
1212 2404 1273 2432 aut
1295 2398 1465 2432 belluinae
1480 2396 1714 2431 immanitatis.

405 2441 470 2476 His
492 2443 685 2477 interfectis
709 2455 731 2478 a
753 2446 860 2479 Bruto
885 2445 1089 2502 postulatum
1113 2447 1167 2478 est
1184 2447 1223 2477 ut
1246 2444 1290 2477 de
1310 2444 1459 2478 caeteris
1480 2453 1617 2488 quoque
1632 2452 1714 2488 pro-

268 2488 459 2522 nuntiaret.
506 2488 551 2522 ad
586 2501 675 2534 quae
705 2487 801 2523 ille
803 2487 963 2525 liberis”
995 2490 1110 2536 inquit
1137 2485 1246 2523 “meis
1275 2489 1419 2523 idoneus
1440 2489 1491 2523 fui
1512 2489 1636 2530 iudex,
1670 2487 1714 2521 de

267 2535 416 2567 caeteris
441 2545 525 2567 vero
553 2535 686 2569 civibus
708 2536 775 2569 iam
796 2536 914 2571 liberis
937 2535 1105 2580 suffragia
1127 2535 1270 2569 ferenda
1292 2530 1488 2588 permitto?
1531 2533 1714 2567 sententiis

267 2579 347 2612 latis
371 2591 486 2613 omnes
508 2580 622 2614 securi
645 2586 726 2614 sunt
748 2583 916 2627 percussi,
937 2586 1042 2626 atque
1061 2582 1156 2615 inter
1177 2580 1261 2615 alios
1286 2580 1425 2625 cognati
1446 2579 1575 2624 aliquot
1595 2579 1712 2612 Colla-

268 2625 354 2658 tini:
387 2626 430 2658 ob
454 2636 539 2670 quos
563 2637 637 2659 cum
659 2626 889 2671 irasceretur,
923 2628 1044 2681 populi
1064 2639 1085 2661 a
1107 2626 1217 2661 Bruto
1238 2626 1402 2659 concitati
1423 2625 1577 2660 manibus
1599 2634 1711 2669 paene

268 2670 460 2715 discerptus
487 2676 593 2706 esset.
638 2672 856 2716 magistratus
875 2679 990 2707 tamen
1013 2672 1046 2708 ei
1066 2676 1122 2707 est
1143 2673 1340 2716 abrogatus,
1365 2671 1406 2706 Ρ.
1422 2669 1561 2705 Valerio
1576 2679 1714 2703 succes·

269 2727 347 2750 sore
382 2717 486 2757 dat03
520 2717 575 2751 cui
607 2728 628 2751 a
658 2718 751 2752 cultu
783 2723 819 2753 et
841 2718 1063 2754 observantia
1085 2718 1207 2763 populi
1229 2719 1484 2762 cognomentum
1506 2716 1573 2750 fuit
1593 2713 1712 2749 Publi—

269 2762 365 2797 cola.
388 2773 514 2808 graece
539 2760 750 2808 δημοκηδής
770 2764 846 2799 sive
867 2761 1172 2810 δημοτικώτατος.
