1820 3120
229 89 332 136 310
704 74 937 129 IOANNIS
967 85 1233 129 zoNARAE

230 203 270 246 οἱ
292 201 360 245 καὶ
382 195 566 254 βαλόντα
588 198 632 241 ἐκ
651 198 789 255 χειρὸς
811 195 1003 248 διελάσας
1026 197 1263 240 ἀπέκτεινεν.
1321 195 1386 241 ὅτε
1409 200 1477 241 καὶ
1493 197 1708 255 Ἀμαζόνες

230 271 412 326 λέγονται
434 270 700 322 συμμαχῆσαι
721 272 806 317 τοῖς
835 267 1059 320 Ἀλβανοῖς.
1127 265 1230 320 μετὰ
1252 265 1331 323 γὰρ
1354 265 1428 321 τὴν
1448 266 1585 324 μάχην
1605 285 1708 312 σκυ-

231 337 456 392 λευομένων
490 340 573 379 τῶν
606 339 781 393 νεκρῶν,
832 335 998 385 πέλταις
1029 334 1308 389 Ἀμαζονικαῖς
1342 334 1381 377 οἳ
1411 332 1605 392 Ῥωμαῖοι
1638 339 1708 381 καὶ

180 417 210 451 Β
234 403 449 462 κοθόρνοις
473 404 667 459 ἐνέτυχον,
697 407 818 460 σῶμα
842 404 886 446 δὲ
906 409 1130 459 βιναικεῖον
1154 403 1271 446 οὐδὲν
1294 401 1456 461 εὑρέθη.
1521 404 1708 460 νέμονται

230 475 276 517 δὲ
300 469 420 516 αὗται
442 473 494 517 τὰ
518 471 755 527 καθήκοντα
779 472 881 529 πρὸς
897 469 1116 529 ιΥρκανίαν
1138 469 1357 515 θάλασσαν
1377 476 1452 515 τοῦ
1469 471 1741 518 &marianas

227 543 353 597 μέσον
386 543 432 584 δὲ
462 544 542 584 τῶν
567 541 774 595 Ἀλβανῶν
807 542 874 583 καὶ
908 541 1042 582 αὐτῶν
1073 543 1228 584 οἰκοῦσι
1259 542 1300 582 Γ
1297 541 1407 583 έλλαι
1439 542 1508 584 καὶ
1537 543 1708 600 Λίγυες.

231 609 293 661 οἷς
315 610 429 660 ἔτους
453 608 624 652 ἑκάστου
649 611 738 665 περὶ
767 608 835 651 τὸν
861 606 1136 665 Θερμώδοντα
1160 609 1342 663 ποταμὸν
1365 612 1421 660 εἷς
1441 609 1591 653 ταύτὸν
1613 626 1710 668 φοι-

229 683 359 722 τῶσαι
385 677 592 737 ὁμιλοῦσιν
615 679 678 720 ἐπὶ
703 675 775 720 δύο
799 681 952 731 μῆνας·
998 676 1081 720 εἶτα
1113 678 1217 720 καθ’
1245 676 1394 728 ἑαυτὰς
1417 678 1709 735 ἀπαλλαγεῖσαι

227 751 388 802 βιοῦσι·
441 750 629 789 τεκοῦσαι
671 746 716 788 δὲ
756 746 809 788 τὰ
843 747 916 800 μὲν
954 745 1103 803 ἄρρενα
1140 747 1360 800 κομίσασαι
1394 748 1484 804 περὶ
1519 748 1594 803 τὴν
1627 752 1709 792 τῶν

229 808 414 874 πατέρων
437 816 664 858 ἐκτίθενται
687 818 775 869 γῆν,
808 814 858 857 τὰ
885 814 931 856 δέ
951 831 994 871 γε
1018 814 1149 870 θήλεα
1171 815 1379 872 τρέφουσι.
1718 825 1765 860 10
1790 853 1796 856 .

368 886 464 925 Τῶν
497 884 542 925 δὲ
574 886 647 924 τοῦ
670 881 943 939 Μιθριδάτου
977 887 1194 926 παλλακῶν
1225 883 1482 938 ἀναχθεισῶν
1506 882 1610 939 πρὸς
1632 883 1710 927 wa}-

205 951 299 994 ’τόν
323 952 515 1006 οὐδεμίαν
538 950 637 1006 ἔγνω
660 949 891 1005 Πομπήϊος.
962 951 1024 1006 (5)
1050 954 1298 1007 Στρατονίκη
1325 952 1389 1003 δέ,
1435 949 1463 1006 ἢ
1497 953 1564 994 καὶ
1596 952 1710 1009 μέγι-

230 1037 327 1064 στον
357 1020 471 1078 παρὰ
495 1018 746 1076 Μιθριδάτῃ
774 1019 887 1073 ἴσχεν
912 1020 1071 1073 ἀξίωμα
1095 1022 1161 1061 καὶ
1185 1020 1230 1062 τὸ
1253 1017 1608 1077 πολυχρυσότατον
1629 1025 1710 1063 τῶν

176 1103 207 1138 c
231 1090 438 1147 φρουρίων
461 1086 659 1146 ἐφύλαττε
670 1120 683 1139 ,
720 1086 834 1145 δῶρά
857 1106 898 1131 τε
922 1089 1053 1130 πολλὰ
1076 1093 1132 1145 τῷ
1158 1091 1365 1146 Πομπηίῳ
1389 1086 1618 1145 προσήγαγε
1640 1091 1709 1132 καὶ

227 1158 273 1200 τὸ
312 1155 510 1215 φρούριον
545 1157 780 1213 παρεδίδου.
851 1155 873 1198 ὃ
908 1157 951 1199 δὲ
984 1162 1065 1199 τῶν
1097 1157 1414 1214 προσαχθέντων
1445 1156 1524 1199 ὅσα
1553 1155 1764 1212 κόσμονΙὸ

229 1225 351 1282 ἱεροῖς
380 1227 447 1267 καὶ
482 1223 751 1282 λαμπρότητα
781 1229 839 1283 τῷ
872 1223 1068 1283 θριάμβῳ
1102 1232 1292 1282 παρεῖχον
1323 1224 1462 1279 λαβὼν
1492 1223 1621 1280 μόνα,
1655 1226 1708 1270 τὰ

228 1293 350 1336 λοιπὰ
372 1294 446 1349 τὴν
469 1294 745 1351 Στρατονίκην
767 1293 869 1347 ἔχειν
892 1295 1084 1337 ἐκέλευσε.
1154 1296 1220 1336 καὶ
1243 1298 1316 1337 τοῦ
1337 1293 1539 1347 βασιλέως
1562 1295 1607 1336 δὲ
1629 1298 1709 1337 τῶν

224 1361 396 1419 Ἰβήρων
418 1363 553 1417 κλίνην
576 1363 643 1403 καὶ
669 1360 869 1418 τράπεζαν
892 1364 959 1404 καὶ
985 1361 1137 1419 θρόνον
1156 1367 1292 1419 χρυσᾶ
1317 1361 1449 1405 πάντα
1471 1363 1710 1418 πέμψαντος

229 1432 362 1489 αὐτῷ,
398 1432 464 1472 καὶ
487 1434 616 1473 ταῦτα
639 1436 723 1481 τοῖς
745 1431 908 1484 ταμίαις
932 1434 986 1481 εἷς
1009 1431 1055 1472 τὸ
1081 1430 1277 1485 δημόσιον
1300 1431 1600 1486 παραδέδωκεν.
1652 1429 1710 1482 ὡς

228 1500 274 1542 δὲ
306 1500 377 1542 τὸν
412 1497 684 1556 ιὟΙιθριδάτην
718 1497 827 1555 ἑώρα
862 1498 1061 1557 φεύγοντα
1088 1498 1371 1555 χαλεπώτερον
1401 1498 1428 1554 ἢ
1460 1498 1763 1554 μαχόμενον,20
1819 1550 1820 1555 ¹

226 1565 357 1625 τούτῳ
391 1569 464 1621 μὲν
499 1566 602 1610 εἶπεν
635 1565 893 1625 ἰσχυρότερον
926 1566 1072 1610 ἑαυτοῦ
1098 1568 1288 1622 πολέμιον
1310 1567 1381 1611 τὸν
1403 1567 1522 1622 λιμὸν
1545 1568 1708 1612 ἄπολεί-
1819 1558 1820 1569 ¹

321 1684 345 1719 4
369 1682 574 1726 κοθόρνοις
595 1685 689 1720 ABC
712 1685 932 1728 Plutarchus,
957 1685 1184 1730 κοθούρνοις
1206 1687 1296 1722 PW.
1459 1686 1482 1722 6
1509 1683 1621 1721 Γέλαι
1643 1685 1709 1721 καὶ

322 1731 441 1774 Λῆγες
462 1731 683 1767 Plutarchus.
824 1732 847 1767 9
869 1732 1041 1766 τεκοῦσαι
1066 1752 1111 1758 -
1135 1733 1180 1767 10
1202 1728 1380 1775 τρέφουσι
1401 1743 1472 1767 non
1495 1732 1602 1771 habet
1623 1733 1708 1767 Plu*—

320 1777 484 1821 tarchus‚
509 1788 540 1813 c.
564 1777 620 1812 35.
762 1778 805 1813 11
831 1777 900 1812 τοῦ
922 1789 976 1813 om
999 1778 1041 1812 A.
1183 1778 1228 1812 12
1249 1775 1315 1811 καὶ
1339 1789 1392 1812 om
1417 1778 1458 1815 Α.
1493 1812 1495 1817 ,
1578 1777 1622 1813 18
1645 1789 1708 1812 πε-

320 1819 513 1866 πομφότος
534 1823 579 1857 Α.

364 1913 534 1948 Fon'rsss.
588 1913 675 1959 Cap.
701 1914 735 1948 5.
783 1914 974 1949 Plutarchi
1002 1913 1200 1960 Pompeias,
1227 1927 1256 1949 c.
1281 1913 1436 1951 36—46
1459 1920 1494 1950 et
1517 1915 1576 1950 50.
1606 1962 1610 1967 .

228 2014 296 2061 ipsi
330 2014 437 2049 ictum
465 2014 672 2050 inferentem
704 2015 821 2060 gladio
850 2015 1037 2050 transfixit.
1083 2016 1120 2049 in
1145 2015 1357 2050 Albanorum
1382 2015 1538 2050 exercitu
1561 2015 1708 2050 Amazo-

230 2072 291 2095 nes
317 2061 427 2095 fuisse
449 2062 693 2106 perhibentur.
742 2073 819 2095 nam
851 2073 927 2096 cum
959 2066 1040 2106 post
1069 2062 1237 2107 praelium
1262 2062 1437 2097 cadavera
1458 2062 1707 2107 spoliarentur,

229 2107 375 2141 Romani
402 2106 514 2151 peltas
539 2107 766 2142 Amazonicus
791 2112 827 2141 et
851 2108 1052 2150 cothurnos,
1080 2107 1207 2141 nullum
1231 2113 1346 2142 tamen
1370 2107 1554 2142 femineum
1579 2119 1707 2153 corpus

227 2159 471 2197 reppererunt.
520 2152 675 2186 incolunt
710 2164 772 2187 eae
806 2153 967 2187 mulieres
998 2165 1057 2187 eas
1084 2153 1234 2187 Caucasi
1264 2157 1382 2198 partes
1414 2165 1505 2198 quae
1536 2153 1578 2187 ad
1612 2165 1707 2188 mare

228 2199 432 2243 Hyrcanum
463 2199 691 2234 descendunt.
737 2199 774 2233 in
797 2199 933 2233 illarum
957 2200 1235 2244 Albanorumque
1258 2199 1370 2233 medio
1396 2199 1560 2233 habitant
1585 2200 1709 2234 Gellae

230 2250 264 2278 et
288 2244 434 2289 Ligyes.
485 2256 558 2279 cum
585 2244 711 2288 quibus
736 2245 922 2289 quotannis
950 2245 1045 2279 circa
1067 2245 1193 2279 flumen
1217 2245 1510 2279 Thermodontem
1533 2256 1598 2290 per
1620 2245 1708 2280 duos

229 2301 364 2325 menses
392 2294 537 2325 coeunt:
568 2291 651 2325 inde
675 2291 854 2335 digressae
880 2291 985 2325 vitam
1009 2291 1082 2325 sine
1107 2291 1193 2325 viris
1215 2295 1346 2336 agunt:
1381 2302 1456 2325 cum
1480 2295 1707 2337 pepererunt,

229 2347 344 2370 mares
369 2336 464 2370 circa
487 2341 626 2382 patrum
648 2340 778 2370 terram
803 2342 991 2381 exponunt,
1017 2337 1148 2379 puellas
1171 2337 1269 2382 ipsae
1293 2337 1457 2371 educant.

368 2382 588 2416 Mithridatis
609 2382 789 2427 pellicibus
822 2383 865 2416 ad
895 2394 934 2416 se
965 2382 1145 2428 adductis,
1180 2382 1307 2416 nullius
1332 2382 1582 2417 consuetudine
1604 2382 1709 2417 Pom·

230 2427 331 2474 peius
357 2439 438 2463 usus
462 2432 527 2463 est.
585 2429 646 2471 (ὁ)
672 2429 874 2463 Stratonice
898 2440 982 2463 vero
1007 2440 1136 2462 summa
1160 2428 1330 2473 dignitate
1354 2429 1445 2474 apud
1472 2428 1709 2463 Mithridatem

231 2474 413 2518 praedita,
438 2473 579 2508 castello
607 2475 870 2520 opulentissimo
899 2475 1094 2520 praefecta,
1118 2474 1223 2508 multa
1249 2485 1389 2509 munera
1411 2474 1578 2520 Pompeio
1603 2475 1708 2508 obtu-

230 2519 287 2562 lit,
325 2524 361 2553 et
393 2520 570 2554 castellum
601 2520 713 2565 ipsum
743 2521 898 2557 tradidit.
952 2520 985 2554 is
1010 2531 1093 2554 vero
1118 2520 1160 2554 iis
1184 2524 1340 2565 tantum,
1375 2532 1465 2566 quae
1487 2520 1545 2555 vel
1567 2520 1709 2564 templis

233 2572 436 2600 ornamento
463 2566 582 2600 futura
605 2566 663 2600 vel
687 2566 861 2611 triumpho
886 2566 1102 2613 splendorem
1126 2566 1270 2600 allatura
1295 2572 1407 2610 erant,
1432 2565 1598 2611 accepffl,
1622 2565 1707 2600 reli-

232 2622 302 2655 qua
326 2612 553 2646 Stratonicen
576 2612 705 2647 habere
729 2612 845 2648 iussit.
893 2613 977 2647 item
991 2612 1115 2647 lectum
1130 2623 1281 2646 mensam
1300 2612 1434 2656 solium,
1456 2623 1562 2646 aurea
1582 2611 1707 2656 omnia,

232 2656 302 2691 sibi
337 2669 357 2690 a
382 2669 467 2703 rege
491 2657 628 2693 Iberum
652 2659 756 2692 missa
778 2659 1023 2703 quaestoribus
1047 2657 1145 2691 dedit
1166 2658 1203 2692 in
1226 2658 1398 2692 aerarium
1421 2657 1618 2694 referenda.
1667 2662 1708 2692 ut

232 2701 471 2737 Mithridatem
496 2704 660 2749 fugiendo
683 2716 785 2750 quam
809 2704 996 2750 pugnando
1020 2703 1250 2738 molestiorem
1275 2715 1354 2738 esse
1376 2704 1489 2746 vidit,
1511 2714 1550 2738 se
1573 2703 1707 2738 hostem

233 2748 283 2782 illi
315 2750 438 2783 famem
477 2761 514 2783 se
549 2750 625 2796 ipso
661 2751 859 2796 graviorem
892 2749 1093 2784 relicturum
1124 2761 1202 2785 esse
1235 2749 1410 2794 minatus,
1449 2761 1526 2784 cum
1550 2749 1708 2786 exercitu
