1794 3120
225 114 289 161 68
691 113 916 158 IOANNIS
950 113 1208 157 ZONARAE

227 230 445 272 ἀπέκτεινεν
478 224 733 282 ἀμυνόμενος.
801 226 854 278 ὥς
890 221 959 270 οὖν
990 223 1122 284 κύκλῳ
1154 244 1195 270 τε
1227 225 1351 269 αὐτοῦ
1379 225 1580 281 κειμένους
1599 229 1675 271 ’καὶ

181 311 211 345 D
234 294 525 351 τετραμμένους
557 294 671 351 πρὸς·
692 294 813 338 αὐτὸν
845 293 973 346 εἶδον,
1013 293 1267 350 ὖπετόπησαν
1296 294 1342 338 τὸ
1375 292 1582 351 γενόμενον
1611 293 1676 338 καὶ

227 365 361 418 μέντοι
385 365 450 405 καὶ
474 362 733 419 ἐθορύβησαν
751 377 761 387 ·
811 363 910 420 πρὸς
932 363 976 406 δὲ
999 370 1081 413 τοῖς
1103 365 1168 405 καὶ
1193 361 1260 405 διά
1283 380 1320 405 τι
1341 367 1533 406 τοιοῦτον.

363 429 544 481 Λούκιός
578 449 637 481 τις
663 432 890 487 Οὐεργίνιος
920 433 962 474 ἐκ
993 436 1063 472 τοῦ
1097 430 1280 485 πλήθους
1304 429 1358 473 ὢν
1380 432 1448 472 καὶ
1469 430 1675 487 θυγατέρα
1764 487 1776 492 ,.

231 499 330 554 ἔχων
347 503 562 556 περικαλλῆ
572 501 741 557 Λουκίῳ
754 499 920 556 Ἶκιλλίῳ
937 503 1017 542 τῶν
1035 497 1181 553 ὁμοίων
1200 499 1309 557 αὐτῷ
1327 497 1510 542 ἐκδώσειν
1526 498 1675 554 ἔμελλε.
1687 509 1708 543 5
1767 508 1777 523 ‘·

231 565 376 622 ταύτης
410 565 430 608 ὁ
471 561 673 617 Κλαύδιος
703 569 890 624 ἐρασθεὶς
923 568 988 609 καὶ
1019 567 1075 621 μὴ
1099 566 1247 622 τυχών,
1282 564 1556 623 παρεσκεύασέ
1571 583 1679 616 τινας

233 637 531 691 δουλαγωγῆσαι
555 635 701 690 αὐτήν·
735 637 801 676 καὶ
825 634 1014 689 δικαστὴς
1035 630 1083 689 ἦν
1106 637 1263 686 ἐκεῖνος.
1319 635 1452 678 ἐλθὼν
1474 630 1543 678 οὖν
1560 632 1586 678 ὅ
1608 638 1679 690 τῆς

232 701 351 759 κόρης
374 704 505 759 πατὴρ
529 705 569 745 ἐκ
595 707 667 745 τοῦ
689 703 958 758 στρατοπέδου
982 704 1297 759 ἐδικαιολογεῖτο.
1347 701 1403 754 ὥς
1425 703 1468 746 δέ
1491 701 1513 746 ὃ
1538 700 1679 745 Κλαύ-

235 773 317 821 διος
348 771 492 825 ταύτης
516 772 816 827 κατεψηφίσατο
845 772 910 812 καὶ
933 777 1015 820 τοῖς
1039 772 1358 827 δουλαγωγοῦσιν
1383 771 1508 827 αὐτὴν
1530 769 1556 826 ἦ
1579 768 1679 826 κόρη

232 837 441 895 παρεδόθη
476 841 540 880 καὶ
573 839 701 888 οὐδεὶς
732 837 946 892 ἐπήμυνεν,
1000 837 1268 896 ὗπερήλγησεν
1300 838 1320 882 ὅ
1352 838 1501 894 ταύτης
1531 837 1735 895 πατήρᾼο

234 908 298 948 καὶ
333 907 403 960 τὴν
435 907 641 960 θυγατέρα
671 907 802 947 κοπίδι
835 906 1175 962 διαχειρισάμενος
1196 908 1298 962 πρὸς
1319 907 1423 959 τοὺς,
1435 905 1682 965 στρατιώτας

43 986 85 1020 W
111 984 146 1019 11
170 982 215 1018 28
235 972 290 1023 ὥς
312 971 410 1027 εἶχεν
434 972 670 1028 ἐξώρμησεν.
714 971 784 1022 οὓς
808 972 901 1014 οὐδὲ
923 973 1015 1028 πρὶν
1038 970 1080 1015 εὗ
1105 976 1375 1027 διακειμένους
1393 975 1519 1028 οὕτως
1535 973 1681 1032 ἐτάρα-

70 1050 213 1087 Ρ1348
236 1044 298 1091 ξεν
330 1040 430 1082 ὥστε
466 1041 587 1090 εὐθὺς
619 1041 680 1082 ἐπὶ
711 1039 782 1094 τὴν
814 1037 928 1082 πόλιν
959 1041 1061 1097 πρὸς
1094 1041 1163 1084 τὸν
1194 1040 1401 1085 Κλαύδιον
1431 1044 1678 1098 ἐπειχθῆναι.

233 1111 299 1151 καὶ
333 1109 369 1150 οἳ
393 1110 516 1164 ἕτεροι
542 1110 583 1150 δέ
608 1108 645 1149 οἱ
669 1109 729 1149 ἐπὶ
755 1107 849 1158 τοὺς
871 1109 1070 1162 Σαβίνους
1092 1111 1417 1166 ἐστρατευμένοι,
1459 1111 1541 1154 ἐπεὶ
1564 1111 1680 1154 τοῦτ’

235 1177 412 1232 ἔμαθον,
446 1175 490 1218 τό
515 1193 556 1218 τε
586 1175 798 1232 τάφρευμα
821 1176 1015 1229 ἐξέλιπον,
1050 1179 1115 1219 καὶ
1141 1179 1406 1232 συμμίξαντες
1426 1185 1510 1229 τοΐς
1530 1182 1682 1230 λοιποῒς
1693 1187 1735 1221 15

235 1245 385 1301 ἄνδρας
408 1244 551 1287 εἴκοσιν
574 1243 726 1286 ἑαυτῶν
749 1243 1056 1300 προεστήσαντο,
1080 1247 1145 1293 καὶ
1169 1247 1283 1290 οὐδὲν
1304 1247 1448 1304 μικρὸν
1466 1248 1683 1303 ἐλογίζοντο
1783 1240 1785 1243 .

235 1316 397 1370 πρᾶξαι.
465 1314 530 1354 καὶ
563 1312 607 1355 τὸ
642 1311 738 1354 ἄλλο
777 1313 819 1354 δὲ
849 1316 1009 1367 πλῆθος
1038 1313 1083 1356 τὸ
1115 1316 1156 1356 ἐν
1177 1320 1225 1371 τῇ
1249 1313 1358 1358 πόλει
1382 1314 1684 1372 προσεχώρησεν

239 1382 372 1431 αὐτοῖς
394 1383 458 1423 καὶ
480 1380 571 1434 μετ’
598 1380 728 1422 αὐτῶν
750 1378 953 1436 ἐθορύβει.

306 1494 308 1496 ,
368 1450 434 1491 Ἐν
467 1447 621 1497 τούτοις
654 1446 675 1489 ὃ
706 1449 778 1502 μέν
801 1446 1007 1498 Κλαύδιος
1029 1452 1229 1506 φοβηθεὶς
1250 1449 1422 1508 ἐκρύβη,
1447 1449 1618 1500 ’Όππιος
1641 1451 1685 1493 δὲ
1784 1499 1786 1502 y

238 1516 310 1572 τήν
333 1534 373 1559 τε
395 1517 548 1571 βουλὴν
568 1515 738 1572 ἤθροισε
761 1518 826 1558 καὶ
852 1517 1017 1573 πέμψας
1039 1513 1209 1561 ἐπύθετο
1233 1523 1306 1561 τοῦ
1329 1516 1514 1574 πλήθους
1530 1520 1572 1562 τί
1582 1517 1739 1572 βού-20
1780 1508 1790 1551 5

239 1590 384 1628 λονται.
454 1585 490 1626 οἱ
523 1585 565 1626 δὲ
595 1585 663 1627 τὸν
690 1584 933 1642 Οὐαλλέριον
955 1584 1139 1628 Λούκιον
1170 1589 1236 1628 καὶ
1259 1586 1327 1630 τὸν
1344 1585 1531 1645 Ὁράτιον
1553 1586 1684 1644 Μάρ-
1788 1578 1791 1582 ⁸

240 1671 321 1704 κον,
357 1652 507 1709 ἄνδρας
530 1655 571 1695 ἐκ
597 1657 673 1695 τῶν
695 1657 920 1706 βουλευτῶν
943 1654 1078 1704 αὗτοῖς
1094 1655 1414 1712 προσκειμένους,
1447 1660 1683 1713 πεμφθῆναι

331 1795 351 1828 1
375 1804 413 1827 τε
436 1804 489 1827 om
514 1794 556 1828 C.
695 1793 717 1827 2
739 1789 973 1830 ὑπετόπασαν
995 1796 1037 1828 Α.
1172 1791 1235 1828 καὶ
1255 1794 1401 1838 μέντοι]
1426 1791 1472 1828 οὖ
1493 1792 1615 1839 μέντοι
1641 1797 1682 1830 C.

330 1841 351 1874 5
378 1838 563 1873 λουκιλλίω
586 1839 706 1873 κιλλίω
731 1839 769 1872 Β.
784 1839 792 1853 ’
911 1840 932 1876 7
954 1838 1016 1874 καὶ
1038 1836 1210 1885 δικαστὴς
1231 1833 1278 1885 ἦν
1300 1835 1441 1881 ἐκεῖνος
1461 1841 1530 1876 add
1550 1841 1624 1876 AB.

451 1905 457 1920 Ι

241 1964 387 1997 iacentia
415 1970 449 1997 et
482 1964 525 1997 ad
559 1975 632 1997 eum
668 1975 835 1998 conversa
859 1963 1042 2007 viderent,
1075 1975 1162 2009 quos
1195 1975 1234 1998 se
1264 1964 1476 1999 defendendo
1499 1963 1683 2010 occiderat,

239 2009 406 2055 suspicati
427 2009 511 2054 quid
534 2014 644 2043 actum
668 2013 762 2044 esset
786 2013 822 2044 et
836 2009 1034 2044 tumultuati
1049 2013 1142 2046 sunt.
1188 2009 1255 2044 huc
1269 2010 1359 2044 aliud
1373 2010 1508 2044 facinus
1525 2011 1684 2045 accessit.

373 2065 503 2099 Lucius
528 2065 715 2109 Verginius
740 2066 839 2100 homo
862 2066 1017 2111 plebeius
1042 2066 1209 2111 virginem
1231 2065 1510 2100 formosissimam
1531 2067 1574 2102 L.
1586 2067 1684 2102 Icilio

239 2111 387 2145 eiusdem
416 2111 545 2144 ordinis
576 2112 652 2144 viro
688 2111 931 2156 desponderat.
977 2123 1077 2157 quam
1104 2123 1178 2146 cum
1203 2111 1368 2146 Claudius
1393 2111 1585 2158 deperiret,
1621 2124 1686 2147 nec

238 2163 353 2191 tamen
377 2168 419 2190 ea
442 2157 547 2201 potiri
569 2162 701 2202 posset,
726 2157 923 2202 quibusdam
946 2157 1119 2203 negotium
1142 2158 1239 2192 dedit
1258 2157 1403 2212 virginis
1426 2158 1463 2192 in
1485 2158 1686 2193 servitutem

238 2202 460 2236 asserendae:
494 2202 570 2247 ipse
606 2206 719 2237 autem
747 2214 810 2248 pro
841 2203 1003 2237 tribunali
1033 2203 1188 2237 sedebat.
1235 2203 1403 2248 virginem
1435 2215 1510 2238 cum
1542 2209 1642 2248 pater
1667 2216 1686 2238 e

237 2248 359 2282 castris
383 2259 545 2282 reversus
571 2248 795 2293 defenderet,
818 2247 991 2294 ‘Claudius
1014 2253 1128 2283 autem
1151 2249 1428 2292 accusatoribus,
1453 2246 1587 2284 nemine
1611 2249 1685 2296 opi-

234 2294 381 2335 tulante⁷
406 2293 584 2327 addiceret
603 2295 838 2339 traderetque,
862 2299 962 2339 pater
983 2294 1099 2328 dolore
1121 2300 1304 2328 commotus
1328 2294 1430 2328 filiam
1448 2295 1558 2329 cultro
1572 2299 1686 2330 trans-

234 2339 326 2383 figit:
362 2339 546 2384 statimque
579 2339 620 2373 ad
654 2339 778 2374 milites
815 2343 988 2386 properat.
1043 2351 1128 2384 quos
1160 2351 1223 2374 nec
1254 2343 1335 2374 ante
1357 2341 1444 2374 bene
1467 2340 1613 2375 affectos
1636 2341 1686 2376 sio

233 2384 467 2429 perturbavit,
490 2390 529 2418 ut
550 2396 626 2418 mox
648 2385 683 2419 in
709 2387 825 2420 urbem
850 2392 972 2420 contra
996 2385 1173 2420 Claudium
1196 2390 1430 2422 accurrerent.
1476 2386 1533 2420 alii
1549 2398 1685 2432 quoque

235 2430 296 2475 qui
329 2435 451 2463 contra
476 2431 625 2464 Sabinos
658 2432 876 2476 pugnabant,
906 2443 948 2465 ea
978 2442 1018 2465 re
1045 2431 1203 2476 cognita,
1232 2431 1322 2465 vallo
1347 2432 1484 2466 deserto
1509 2432 1685 2476 congressi

233 2487 307 2509 cum
330 2475 471 2520 reliquis
485 2501 495 2519 ,
518 2476 601 2509 viris
625 2476 749 2521 viginti
772 2488 900 2511 summa
915 2487 1029 2511 rerum
1051 2477 1230 2520 mandata,
1263 2476 1345 2510 nihil
1367 2477 1534 2512 modicum
1557 2478 1686 2522 cogita-

233 2528 325 2555 runt.
375 2522 520 2556 accessit
542 2522 644 2556 etiam
668 2524 797 2556 urbana
821 2522 997 2557 multitudo
1020 2533 1060 2556 ac
1083 2523 1258 2557 tumultum
1284 2523 1395 2557 auxit.

369 2578 507 2611 Interea
540 2578 706 2612 Claudius
737 2590 821 2623 prae
853 2583 946 2613 metu
975 2589 1012 2612 se
1042 2579 1241 2613 abscondit:
1284 2579 1419 2624 Oppius
1450 2589 1535 2613 vero
1563 2583 1684 2613 coacto

233 2627 354 2657 senatu
386 2635 450 2668 per
478 2624 706 2658 internuntios
737 2624 984 2659 multitudinem
1005 2628 1231 2669 percontatur
1257 2625 1340 2670 quid
1361 2624 1430 2659 sibi
1451 2625 1547 2660 velit.
1594 2636 1684 2670 quae

232 2679 307 2702 cum
331 2669 372 2702 L.
400 2669 568 2703 Valerium
593 2674 627 2705 et
651 2670 702 2704 M.
727 2669 910 2704 Horatium
932 2670 1096 2705 senatorii
1116 2670 1268 2714 ordinis,
1300 2671 1361 2704 sed
1392 2669 1543 2704 homines
1571 2681 1682 2715 popu-

229 2714 339 2758 lares,
373 2714 415 2748 ad
449 2727 485 2748 se
508 2716 599 2749 mitti
627 2716 843 2761 postularet,
869 2727 933 2761 per
954 2727 1040 2762 quos
1063 2727 1266 2762 responsum
1291 2716 1411 2750 datura
1437 2721 1552 2759 esset,
1585 2715 1680 2760 iique

230 2759 322 2794 missi
347 2770 413 2794 non
436 2765 574 2805 essent,
609 2761 732 2796 veritis
763 2761 964 2797 decemviris
996 2773 1038 2796 ne
1062 2761 1104 2796 iis
1127 2765 1247 2796 contra
1269 2773 1308 2796 se
1331 2761 1474 2797 ducibus
1498 2767 1679 2796 uterentur
