1820 3120
275 111 378 160 57⁴
756 109 987 154 lomus
1020 109 1284 180 zemma

272 221 435 279 βάσεων
456 221 520 264 ἐπὶ
539 219 740 278 χρήμασι.
787 220 850 265 διὸ
870 220 1170 277 χαλεπήναντες
1192 224 1230 267 οἱ
1253 229 1496 280 στρατιῶται
1517 226 1621 285 πρὸς
1640 225 1747 269 ἀπο-

273 292 444 336 στασίαν
467 289 646 333 ἀπεῖδον.
713 290 786 333 καί
803 307 892 333 τινα
915 292 1152 346 Μαξιμΐνον
1179 291 1326 352 Θρᾷκα
1346 292 1395 336 τὸ
1415 294 1548 349 γένος,
1586 295 1631 338 ἐκ
1653 296 1750 338 παί-

274 363 358 403 δων
382 360 426 402 δὲ
448 359 672 411 ποιμαίνειν
694 356 871 412 λαχόντα
893 361 961 402 καὶ
981 360 1086 414 μετὰ
1107 364 1238 403 ταῦτα
1261 359 1512 418 στρατιώτην
1522 360 1749 419 γενόμενον,

275 427 424 471 ἄκοντα
447 428 576 482 δῆθεν
598 425 793 480 λαβόντες
815 425 1034 482 ὠνόμασαν
1055 427 1352 485 αὐτοκράτορα.
1420 427 1442 472 ὃ
1475 430 1521 473 δὲ
1550 430 1647 483 ωδε
1667 432 1749 474 ἀν-

277 495 462 546 ειπόντας
493 495 617 538 αὐτὸν
646 495 899 553 παραλαβὼν
924 495 1044 553 ἀπῄει
1075 497 1201 547 εὐθὺς
1231 496 1332 540 ὅπου
1365 496 1783 555 διέτριβεν·ὃ’-Ἅλέ-5

276 566 462 621 ξανδρος.
519 568 649 606 ταῦτα
673 564 712 606 δ’
741 564 887 616 ἐκεῖνος
909 563 1142 618 πυθόμενος
1162 565 1258 616 τοὺς
1278 566 1370 619 μετ’
1397 567 1523 610 avito&
1548 566 1753 624 στρατιώ-

274 650 350 683 τας
376 635 431 683 εἷς
454 632 671 686 ἀντίληψιν
694 632 819 674 αὐτοῦ
844 632 1081 689 παρεκάλει·
1111 634 1150 675 οἳ
1175 634 1220 676 δέ
1242 635 1543 691 ἐπηγγέλλοντο.
1575 637 1643 678 καὶ
1665 636 1754 678 ἔπι-

275 700 445 752 στάντος
468 705 541 743 τοῦ
564 702 806 754 Μαξιμίνου
829 700 1026 757 συνήγαγε
1051 701 1124 757 τὴν
1146 703 1340 760 στρατιὰν
1363 701 1385 746 ὃ
1401 703 1664 762 Ἀλέξανδρος
1685 706 1755 747 καὶ

276 773 500 823 συμβαλεῖν
523 776 606 820 τοῖς
629 773 702 812 τοῦ
724 771 964 823 Μαξιμίνου
987 771 1209 827 ἐπέτρεπεν.
1278 771 1316 814 οἱ
1349 772 1393 814 δὲ
1422 770 1495 828 τήν
1525 789 1576 816 τε.
1595 773 1755 829 μητέρα

91 843 119 878 Ρ
142 842 160 876 1
182 841 253 877 620
277 838 404 883 αὐτοῦ
427 836 660 894 ἐλοιδόρουν
683 840 751 880 καὶ
775 839 838 880 ἐπὶ
865 841 1165 898 φιλοχρηματίᾳ
1187 839 1386 896 διέσυρον,
1420 842 1488 883 καὶ
1521 843 1581 891 εἰς
1604 842 1784 884 infreni

275 905 483 963 ἐξύβριζον
506 904 561 956 ὡς
583 904 739 948 δειλόν·
773 908 842 949 καὶ
874 906 1161 957 καταλιπόντες
1193 908 1317 951 αὐτὸν
1350 907 1592 965 ἀνεχώρουν.
1658 907 1682 952 ὃ
1710 910 1756 952 δὲ

276 975 427 1033 ἔρημον
447 976 646 1029 βοηθείας
669 973 775 1032 ὁρῶν
798 973 957 1027 ἔαυτόν,
990 977 1218 1029 ἐπανῆλθεν
1241 978 1297 1027 εἷς
1319 977 1391 1032 τὴν
1413 977 1580 1033 σκηνήν,
1613 980 1681 1020 καὶ
1704 982 1754 1034 τῇ

275 1046 400 1101 μητρὶ
433 1044 689 1100 περιπλακεὶς
722 1042 970 1102 ὠλοφύρετο.
1038 1046 1105 1087 καὶ
1140 1042 1161 1087 ὅ
1195 1047 1431 1099 Μαξιμῖνος
1463 1044 1758 1103 ἑκατόνταρχον

277 1113 439 1162 στείλας
469 1113 537 1155 καὶ
570 1111 694 1154 αὐτὸν
727 1112 859 1155 ἀνεῖλε
893 1114 958 1154 καὶ
992 1113 1065 1167 τὴν
1095 1107 1350 1170 μητέρακαὶ
1380 1115 1477 1165 τοὶ-ς
1507 1113 1554 1157 οἳ
1576 1119 1756 1170 συνῆσαν

279 1181 437 1232 αὐτοῖς,
473 1182 541 1222 καὶ
563 1185 636 1236 τῆς
656 1182 866 1234 βασιλείας
888 1181 1042 1237 γέγονεν
1066 1181 1277 1238 ἐγκρατής.
1746 1219 1748 1221 ,
1765 1187 1787 1228 1

414 1251 603 1303 Μαμαία
637 1250 680 1291 δὲ
710 1247 737 1304 ἦ
763 1248 1029 1307 Ἀλεξάνδρου
1051 1248 1186 1306 μήτηρ
1211 1252 1357 1307 ἀρετῆς
1376 1244 1426 1305 ἦν
1448 1249 1756 1306 ἀντιποιουμένῃ

279 1319 346 1360 καὶ
369 1318 462 1372 βίου
486 1322 648 1371 σεμνοῦ.
716 1317 743 1371 ἣ
766 1319 808 1360 ἓν
826 1320 1043 1378 Ἀντιοχείᾳ
1066 1317 1341 1374 συνδιάγουσα
1362 1323 1422 1376 τῷ
1442 1318 1543 1377 υἱῷ,
1558 1358 1562 1363 ,
1576 1321 1644 1362 καὶ
1667 1321 1759 1376 περὶ

275 1385 506 1443 Ὠριγένους
528 1386 764 1441 πυθομένη,
798 1387 1086 1441 μετεπέμψατο
1110 1389 1154 1438 ἐξ
1180 1388 1484 1444 Ἀλεξανδρείας
1505 1386 1653 1431 αὐτόν·
1689 1389 1758 1431 καὶ

277 1453 355 1498 ὕπ’
395 1454 520 1496 αὐτοῦ
557 1454 627 1497 τὸν
662 1453 781 1509 λόγον
814 1459 1093 1510 κατηχηθεΐσα
1126 1460 1200 1510 τῆς
1231 1458 1425 1507 πίστεως,
1459 1454 1758 1511 θεοσεβεστάτη

229 1529 260 1564 Β
283 1523 452 1579 γέγονεν,
491 1520 548 1573 ὥς
580 1520 602 1566 ὃ
625 1523 823 1577 Εὐσέβιος
855 1523 1011 1580 ἱστορεῖ
1035 1526 1103 1566 καὶ
1134 1523 1250 1566 ἄλλοι
1281 1525 1330 1567 δέ
1350 1541 1454 1575 τινες
1474 1529 1555 1568 τῶν
1578 1542 1756 1582 συγγρα-

282 1592 392 1648 φέων
426 1592 563 1647 φασίν.
631 1591 730 1634 ὅθεν
762 1592 809 1634 οὐ
841 1590 965 1646 μόνον
997 1590 1018 1635 ὅ
1051 1593 1157 1635 κατὰ
1181 1597 1427 1649 χριστιανῶν
1459 1593 1636 1650 ἧρέμησε
1659 1595 1759 1636 διω-

75 1666 261 1703 W11226
284 1660 387 1716 γμὸς
417 1659 530 1711 τότε,
575 1659 683 1703 ἀλλὰ
714 1662 782 1702 καὶ
815 1666 936 1716 τιμῆς
965 1660 1134 1715 ἠξίωντο
1166 1660 1346 1714 μάλιστα
1380 1661 1419 1703 οἳ
1449 1659 1661 1715 σεβόμενοι
1686 1662 1760 1704 ’τὸν

279 1726 478 1787 Χριστόν.

372 1846 419 1880 20
442 1841 635 1891 Εὐσέβιος]
658 1845 752 1879 Hist.
777 1846 862 1880 eccl.
887 1846 909 1881 6
933 1846 994 1882 21.
1085 1846 1128 1880 21
1145 1842 1292 1892 ἦρέμισε
1308 1847 1352 1884 Α.
1443 1831 1491 1882 22
1515 1819 1698 1892 unicuivis,-
1715 1867 1761 1873 —-

376 1904 413 1938 p.
438 1891 506 1928 571
531 1902 568 1927 v,
593 1893 611 1925 1
642 1889 844 1938 Οὖρβανοῦ
864 1903 917 1926 om
941 1892 985 1930 C.

281 1994 384 2030 cunia
408 1993 527 2027 oblata
550 1993 595 2027 ad
618 2004 739 2039 pacem
762 1993 943 2028 invitarit.
979 1994 1200 2039 quamobrem
1224 1993 1351 2028 milites
1377 1994 1411 2028 ei
1435 1992 1517 2027 irati
1539 1993 1761 2029 defecerunt:
1819 2012 1820 2016 =

280 2044 319 2075 et
348 2039 573 2074 Maximinum
612 2039 782 2084 quendam
815 2040 961 2074 natione
994 2041 1190 2083 Thracem,
1235 2040 1296 2084 qui
1331 2051 1353 2074 a
1386 2050 1496 2084 puero
1529 2040 1763 2074 armentarius

280 2088 419 2130 suerat,
453 2090 580 2130 postea
604 2086 701 2120 miles
726 2087 843 2120 fuctus
867 2091 934 2129 est,
958 2086 1105 2120 invitum
1125 2086 1284 2130 scilicet,
1308 2085 1353 2119 ad
1375 2085 1557 2130 imperium
1582 2089 1765 2129 pertraxe-

280 2136 376 2173 runt.
423 2131 483 2176 qui
507 2131 550 2164 iis
575 2131 745 2166 militibus
769 2131 976 2178 assumptis,
1003 2143 1023 2165 a
1047 2131 1174 2176 quibus
1198 2132 1390 2177 imperator
1412 2130 1609 2176 appellatus
1631 2132 1762 2176 fuerat,

281 2177 402 2212 statim
425 2177 471 2211 ad
494 2177 686 2211 Alexandri
712 2177 901 2211 tentorium
933 2178 1125 2212 contendit.
1162 2189 1242 2223 quo
1274 2178 1305 2211 is
1339 2177 1479 2221 audito,
1513 2176 1642 2211 milites
1674 2188 1762 2222 quos

280 2235 398 2259 secum
422 2222 576 2256 habebat
599 2223 643 2256 ad
667 2223 719 2256 sui
744 2224 980 2257 defensionem
1006 2224 1166 2257 hortatus
1191 2229 1263 2257 est:
1297 2223 1359 2268 qui
1391 2234 1467 2257 cum
1502 2233 1642 2267 operam
1664 2234 1762 2257 suam

280 2270 550 2315 pollicerentur,
586 2269 775 2303 exercitum
801 2270 919 2313 coegit
942 2275 979 2303 et
1002 2281 1078 2303 cum
1101 2269 1292 2303 Maximino
1316 2269 1499 2302 decertare
1523 2268 1636 2304 iussit.
1684 2279 1765 2303 cae-

281 2320 395 2350 terum
420 2314 470 2348 illi
493 2314 598 2348 matri
623 2315 699 2348 eius
723 2314 986 2359 maledicentes,
1022 2319 1058 2349 et
1090 2315 1165 2349 eius
1198 2314 1383 2349 avaritiam
1415 2314 1660 2357 criminantes,
1691 2315 1763 2360 ipsi

281 2372 422 2407 quoque
447 2365 488 2394 ut
510 2359 631 2394 timido
656 2360 882 2404 insultantes,
916 2373 957 2395 eo
991 2361 1113 2396 relicto
1149 2361 1324 2395 abierunt.
1371 2370 1447 2394 cum
1472 2359 1584 2405 igitur
1608 2371 1646 2394 se
1670 2361 1763 2395 omni

281 2419 351 2451 ope
379 2406 587 2441 destitutum
621 2412 803 2449 cerneret,
837 2408 874 2440 in
907 2407 1095 2441 tentorium
1126 2417 1307 2451 regressus
1338 2410 1375 2439 et
1406 2411 1552 2440 matrem
1584 2406 1764 2451 amplexus

282 2453 456 2487 fortunam
486 2463 582 2486 suam
612 2452 822 2497 deploravit.
871 2453 1083 2487 Maximinus
1106 2465 1192 2488 vero
1217 2463 1280 2496 per
1303 2452 1539 2486 centurionem
1561 2457 1597 2486 et
1619 2452 1699 2498 ipso
1723 2456 1762 2487 et

280 2503 393 2534 matre
417 2502 453 2531 et
476 2497 702 2532 familiaribus
727 2510 844 2532 eorum
870 2499 993 2532 occisis
1015 2510 1130 2533 rerum
1156 2498 1286 2543 potitus
1309 2502 1375 2531 est.

421 2543 580 2577 Mamaea
595 2544 784 2578 Alexandri
808 2551 919 2578 mater
939 2545 1082 2579 virtutis
1107 2545 1343 2587 honestaeque
1368 2542 1464 2576 vitae
1488 2543 1656 2586 studiosa,
1681 2542 1762 2577 dum

284 2589 486 2624 Antiochiae
512 2600 586 2623 cum
609 2590 681 2623 filio
705 2590 873 2634 degeret,
907 2591 1084 2634 Origene,
1115 2591 1207 2624 fama
1231 2588 1376 2622 hominis
1399 2595 1577 2634 permota,
1608 2589 1762 2623 Alexan-

281 2636 359 2670 dria
383 2635 566 2679 arceseito,
592 2636 636 2669 ab
664 2647 776 2680 eoque
800 2636 960 2670 doctrina
984 2636 1065 2670 fidei
1089 2636 1246 2677 erudita,
1272 2635 1372 2668 deum
1398 2634 1615 2669 sanctissime
1639 2634 1760 2677 coluit,

282 2687 322 2715 ut
344 2681 519 2715 Eusebius
543 2687 582 2715 et
602 2681 663 2715 alii
687 2682 869 2715 memoriae
895 2682 1131 2727 prodiderunt.
1148 2695 1149 2698 ¹
1169 2692 1238 2725 quo
1262 2681 1392 2714 factum
1417 2688 1471 2715 est
1493 2685 1534 2714 ut
1556 2680 1757 2726 persecutio

284 2726 566 2761 Christianorum
589 2739 630 2760 eo
655 2732 811 2772 tempore
836 2739 904 2761 non
928 2729 1028 2763 modo
1049 2727 1332 2772 conquiesceret,
1365 2726 1428 2760 sed
1451 2730 1489 2760 et
1511 2725 1622 2761 honos
1646 2725 1759 2760 maxi-

284 2783 359 2807 mus
383 2772 518 2807 Christi
541 2773 733 2808 cultoribus
757 2773 959 2813 haberetur.
