1820 3120
259 107 359 156 544
733 108 964 152 IOANNIS
998 109 1261 153 ZONARAE

257 221 425 277 νομεν.”
462 219 484 265 ὃ
508 220 554 264 δὲ
570 220 789 272 Ἰουλιανὸς
810 221 907 273 τοὺς
926 227 1057 265 ταῦτα
1079 222 1267 278 λέγοντας
1289 213 1734 268 ἐκέλευσε-κτείνεσθαι.

257 292 325 333 καὶ
359 289 380 332 ὃ
417 291 549 344 δῆμος
583 289 640 332 ἔτι
675 289 928 345 παρώξυντο,
961 293 1030 333 καὶ
1061 295 1136 334 τοῦ
1167 307 1210 333 τε
1232 292 1483 348 Περτίνακος
1503 293 1733 348 ἐμέμνηντο

257 361 326 400 καὶ
363 359 404 408 ἐς
440 357 509 400 τὸν
542 358 760 401 Ἰουλιανόν
797 359 1072 401 ἀπέσκωπτον.
1140 361 1208 402 καὶ
1244 361 1399 402 πολλοὶ*
1419 363 1628 417 πολλαχοῦ
1660 364 1735 415 τῆς

255 425 411 476 πόλεως
432 425 743 483 τιτρωσκόμενοι
766 428 834 469 καὶ
857 425 1096 481 κτεινόμενοι
1120 427 1312 482 ἀντεῖχον,
1346 429 1414 470 καὶ
1439 419 1565 471 ὅπλά.
1582 427 1735 483 λαβόν-

255 511 321 545 τες
343 495 594 551 συνέδραμον
627 497 682 545 εἷς
713 496 783 538 τὸν
816 494 1082 552 ἱππόδρομον,
1117 495 1220 538 ἔνθα
1250 494 1375 539 νύκτα
1405 512 1450 540 τε
1480 488 1768 554 καΓῆμίρανὸ

259 561 451 619 διήγαγον
475 562 608 606 ἄσιτοι
632 561 896 617 ἐπιβοώμενοι
919 565 1015 614 τοὺς
1037 564 1203 614 λοιποὺς
1225 563 1495 621 στρατιώτας,
1529 566 1597 608 καὶ
1627 568 1738 619 μᾶλ-

258 634 330 674 λον
352 631 422 674 τὸν
445 633 599 687 Νίγρον
621 631 692 674 τὸν
714 633 958 675 Πεσκέννιον
981 634 1048 675 καὶ
1070 632 1166 682 τοὺς
1190 633 1284 687 μετ’
1311 633 1442 676 αὐτοῦ
1462 634 1506 675 ἓν
1528 636 1581 691 τῇ
1605 634 1738 694 Συρίᾳ

70 704 101 738 P
124 703 143 738 1
166 703 236 740 604
260 698 391 751 ὄντας.
461 698 547 743 εἶτα
580 704 638 757 τῷ
671 704 778 757 λιμῷ
811 702 879 742 καὶ
909 704 961 757 τῇ
993 701 1191 760 ἀγρυπνίᾳ
1214 702 1468 752 κακωθέντες
1490 699 1738 757 διελύθησαν

258 770 325 811 καὶ
349 766 564 823 ἡσύχαζον.
628 768 848 819 Ἰουλιανὸς
879 769 923 811 δὲ
956 767 1084 819 οὕτως
1116 769 1189 825 τὴν
1212 769 1341 827 ἀρχὴν
1363 767 1552 827 ἁρπάσας
1572 770 1738 813 ἀνελευ-

258 837 395 892 θέρως
418 838 522 893 αὐτῇ
544 838 689 892 ἐχρῆτο
700 869 713 888 ,
760 835 963 882 θωπεύων
995 838 1068 891 τὴν
1101 838 1256 891 βουλὴν
1289 840 1356 880 καὶ
1379 837 1475 890 τούς
1496 856 1536 882 τι
1559 839 1735 893 δυναμέ-
1746 843 1794 880 10

258 922 374 957 νους,
410 908 477 948 καὶ
502 905 551 948 τὰ
576 907 650 959 μὲν
669 904 934 962 χαριζόμενος
955 906 1007 948 τὰ
1031 907 1076 948 δ’
1105 906 1465 962 ἐπαγγελλόμενος·
1499 909 1568 950 καὶ
1601 906 1737 951 πάντα

258 975 322 1016 ἐπὶ
345 975 546 1033 θεραπεία
568 974 690 1016 ἐποίει
712 980 792 1017 τῶν
816 976 1013 1025 δυνατῶν,
1045 974 1092 1017 οὗ
1116 975 1255 1029 μέντοι
1278 977 1344 1017 καὶ
1367 974 1607 1020 ἐπιστεύετο.
1632 994 1634 997 ’

398 1047 543 1085 Ταῦτα
581 1044 655 1096 μὲν
691 1038 761 1085 οὖν
797 1042 901 1085 κατὰ
937 1043 1011 1098 τὴν
1041 1041 1200 1098 Ῥώμην
1233 1041 1476 1099 ἐπράττετο·
1511 1045 1550 1087 οἱ
1582 1044 1629 1086 δὲ
1657 1047 1738 1088 τῶν

259 1111 544 1168 στρατοπέδων
566 1109 758 1167 ἡγεμόνες
783 1118 890 1167 τρεῖς
915 1110 1046 1163 ὄντες,
1081 1110 1104 1154 ὅ
1133 1129 1175 1155 τε
1199 1114 1380 1169 Σευῆρος
1410 1117 1484 1168 τῆς
1506 1114 1739 1164 Παννονίας

260 1179 412 1236 ἄρχων,
447 1185 521 1231 τῆς
543 1181 697 1236 Συρίας
729 1180 770 1221 δ’
806 1178 827 1223 ὁ
853 1181 1029 1237 Νίγρος,
1064 1184 1137 1235 τῆς
1160 1182 1410 1236 Βρεττανίας
1432 1182 1477 1224 δὲ
1498 1179 1520 1224 ὃ
1538 1181 1734 1234 Ἀλβῖνος,
1745 1187 1792 1224 15

53 1255 102 1289 W
117 1254 154 1290 Π
168 1253 238 1289 214
262 1251 318 1299 εἷς
349 1249 590 1305 καθαίρεσιν
618 1254 691 1291 τοῦ
712 1248 935 1291 Ἰουλιανοῦ
956 1249 1006 1291 τὰ
1031 1251 1121 1306 περὶ
1147 1249 1275 1292 αὐτοῦ
1295 1249 1500 1303 μαθόντες
1522 1251 1739 1304 κεκίνηντο.

259 1321 339 1359 τῶν
362 1316 496 1359 ἄλλων
521 1317 564 1358 δὲ
587 1313 608 1358 ὃ
634 1316 1058 1374 Σευῆροςδεινότερος
1081 1316 1136 1360 ὢν
1160 1319 1368 1373 ἐλογίσατο
1388 1316 1465 1370 ὥς,
1491 1320 1525 1362 εἰ
1547 1318 1617 1362 ’τὸν
1634 1318 1740 1362 Ἰου-

260 1384 396 1428 λιανόν
419 1382 714 1436 καταλύσουσι,
747 1386 884 1442 σφίσιν
909 1386 1047 1435 αὐτοῖς
1071 1386 1109 1428 οἱ
1133 1392 1240 1443 τρεῖς
1266 1385 1625 1442 ἀμφισβητήσοντα
1647 1388 1739 1443 περὶ

207 1460 237 1495 Β
261 1459 333 1509 τῆς
356 1453 499 1510 ἀρχῆς.
553 1452 651 1508 ἔγνω
675 1454 807 1496 τοίνυν
830 1454 900 1495 τὸν
924 1454 994 1495 ἕνα
1015 1454 1429 1510 προσοικειώσασθαι.
1483 1454 1546 1499 ὅτι
1568 1455 1613 1498 δὲ
1635 1471 1739 1511 πορ-

261 1522 424 1580 ρωτέρω
455 1521 582 1563 αὐτοῦ
612 1519 811 1578 ὃΝίγρος
841 1520 1052 1577 ἐτύγχανεν
1077 1522 1147 1574 ὤν,
1181 1524 1250 1565 καὶ
1279 1523 1384 1578 μέγα
1419 1530 1582 1581 φρονεῖν
1613 1524 1794 1571 αὗτόνῶο

261 1591 412 1642 εἴκαζεν
435 1590 740 1644 ε’πικεκλημένον
761 1588 840 1632 ὑπὸ
864 1595 938 1633 τοῦ
962 1588 1093 1644 δήμου
1118 1589 1173 1640 ὥς
1196 1591 1364 1647 εἴρηται,
1393 1592 1495 1648 πρὸς
1515 1591 1585 1635 τὸν
1603 1592 1737 1645 Ἀλβῖ-

259 1675 329 1701 νον
352 1658 542 1701 ἀπένευσε
553 1689 567 1710 ,
590 1660 658 1701 καὶ
682 1659 738 1700 δι’
766 1656 1006 1715 ἀπορρήτων
1030 1659 1141 1718 αὐτῷ
1164 1658 1318 1716 ἔγραψε
1342 1661 1538 1717 Καίσαρα
1559 1659 1739 1716 ποιήσειν

352 1813 377 1848 2
401 1808 579 1857 ἐμέμνητο
603 1810 644 1847 Β.
770 1811 792 1844 5
818 1806 1031 1856 ἀνέδραμον
1054 1811 1099 1847 Α.
1215 1811 1238 1847 9
1262 1807 1305 1846 δὲ
1328 1823 1384 1847 om
1405 1813 1447 1849 C.
1562 1823 1672 1853 ουτος
1693 1812 1737 1848 Α.

353 1856 489 1939 ᾆῗιὶκέἓ
522 1855 640 1891 ταῦτα
671 1852 738 1902 μὲν
765 1853 863 1892 κατὰ
885 1857 930 1892 Α.
1070 1857 1116 1893 14
1139 1858 1337 1900 πανοικίας
1359 1859 1401 1895 Β.
1540 1859 1585 1896 19
1607 1854 1671 1903 δὲ]
1695 1854 1739 1893 δὲ

261 2040 323 2086 qui
345 2041 417 2075 ista
440 2039 598 2074 dicerent
621 2038 733 2073 occidi
754 2039 937 2085 iussisset,
973 2040 1124 2086 populus
1155 2040 1265 2086 magis
1297 2040 1402 2076 etiam
1425 2040 1620 2077 concitatus
1643 2052 1740 2076 men·

260 2089 360 2122 tione
382 2086 583 2121 Pertinacis
616 2085 713 2119 sacta
745 2085 915 2120 Iulianum
946 2085 1090 2128 derisit3
1126 2090 1165 2121 et
1195 2087 1354 2132 quamvis
1385 2087 1484 2122 multi
1513 2087 1645 2134 passim
1677 2097 1741 2134 per

261 2134 381 2167 urbem
406 2137 443 2166 et
467 2132 734 2166 vulnerarentur
759 2136 796 2165 et
820 2132 1088 2177 occiderentur,
1125 2137 1240 2167 tamen
1263 2145 1333 2168 non
1355 2133 1537 2168 cedebant.
1583 2144 1625 2168 ac
1647 2144 1743 2167 sum-

262 2179 333 2222 ptis
357 2178 462 2212 armis
485 2178 522 2211 in
546 2177 676 2212 curiam
702 2183 899 2222 equestrem
924 2189 1094 2213 concursu
1117 2179 1212 2213 facto
1235 2186 1369 2214 noctem
1404 2184 1440 2214 et
1473 2178 1564 2214 diem
1586 2178 1637 2214 ibi
1662 2179 1740 2213 sine

262 2225 339 2259 cibo
364 2225 551 2267 durarunt,
587 2223 740 2268 reliquos
764 2224 892 2258 milites
915 2224 1162 2268 inclamantes,
1185 2224 1414 2260 Pescennium
1436 2224 1584 2270 Nigrum
1607 2225 1646 2258 in
1667 2224 1741 2270 pri-

262 2270 327 2304 mis
351 2275 387 2305 et
407 2269 573 2314 Syriacas
598 2269 673 2303 eius
698 2270 867 2314 legiones.
914 2270 1038 2304 deinde
1073 2271 1165 2304 fame
1198 2276 1233 2304 et
1266 2270 1399 2316 vigiliis
1434 2271 1576 2316 fatigati
1601 2271 1739 2305 domum
1786 2280 1801 2293 ·

262 2316 412 2361 quisque
435 2327 474 2350 se
497 2319 720 2360 receperunt.
768 2316 924 2350 Iulianus
951 2327 1033 2350 vero
1059 2322 1098 2351 ut
1123 2317 1300 2362 imperium
1322 2321 1510 2361 rapuerat,
1542 2316 1595 2351 sic
1626 2315 1741 2350 illibe-

261 2362 384 2396 raliter
408 2374 450 2396 eo
474 2373 558 2395 usus
586 2365 660 2403 est,
694 2361 833 2396 senatui
866 2366 902 2395 et
932 2361 976 2396 iis
1009 2362 1070 2406 qui
1094 2361 1224 2407 aliquid
1247 2367 1412 2408 poterant
1434 2361 1662 2405 assentando,
1697 2373 1740 2396 ac

262 2407 387 2453 partim
412 2407 571 2441 donando
597 2406 723 2451 partim
746 2408 953 2452 pollicendo.
1001 2407 1157 2452 quamvis
1191 2413 1303 2442 autem
1334 2407 1419 2442 nihil
1447 2420 1516 2442 non
1539 2409 1586 2443 ad
1609 2407 1740 2442 cultum

260 2454 500 2498 potentiorum
523 2453 670 2494 faceret,
694 2458 810 2487 tamen
835 2453 958 2487 nemini
981 2454 1084 2487 fidem
1110 2454 1274 2488 faciebat.

402 2500 506 2540 Quae
530 2499 608 2532 dum
634 2498 764 2532 Romae
788 2506 952 2543 aguntur,
976 2504 1050 2533 tres
1076 2499 1289 2534 exercituum
1312 2499 1440 2541 duces,
1466 2499 1620 2534 Severus
1645 2499 1739 2533 Pan-

261 2543 398 2588 noniae,
423 2545 537 2589 Niger
559 2543 700 2588 Syriae,
725 2545 871 2578 Albinus
895 2545 1111 2588 Britanniae,
1137 2545 1289 2590 cognitis
1311 2545 1437 2579 Iuliani
1461 2546 1567 2579 rebus
1591 2545 1637 2579 ad
1659 2556 1738 2579 eum

261 2591 519 2644 opprimendum
541 2597 786 2635 properarunt.
824 2595 996 2625 caeterum
1021 2591 1174 2625 Severus
1199 2591 1350 2624 caeteris
1374 2590 1533 2625 callidior
1555 2602 1632 2625 cum
1654 2601 1738 2635 pro-

261 2641 418 2680 spiceret
440 2647 562 2670 everso
589 2635 721 2670 Iuliano
751 2636 905 2682 reliquos
935 2642 1008 2671 tres
1037 2636 1130 2670 inter
1161 2647 1199 2670 se
1229 2636 1271 2670 de
1294 2636 1491 2682 principatu
1513 2636 1736 2670 dimicaturos

262 2693 352 2724 esse,
378 2693 479 2716 unum
504 2682 570 2716 sibi
593 2682 843 2716 conciliandum
866 2694 944 2717 esse
967 2682 1102 2716 statuit.
1131 2683 1191 2715 sed
1215 2682 1295 2726 quia
1319 2683 1433 2727 Niger
1456 2682 1588 2727 longius
1611 2683 1736 2716 aberat

263 2727 426 2772 elatoque
450 2728 561 2761 animo
587 2739 664 2761 esse
689 2728 874 2762 videbatur
899 2733 1089 2773 propterea
1112 2727 1205 2771 quod
1230 2729 1401 2773 populus,
1432 2733 1473 2763 ut
1505 2728 1633 2762 dictum
1665 2731 1732 2769 est,

264 2784 343 2807 eum
366 2773 565 2808 nominatim
591 2774 831 2819 implorasset,
864 2774 911 2810 ad
933 2774 1094 2808 Albinum
1123 2773 1326 2819 inclinavit,
1358 2774 1460 2820 eique
1484 2774 1571 2809 clam
1594 2772 1738 2819 scripsit
