1820 3120
84 890 245 934 P1455

217 1652 246 1686 B

273 93 372 138 266
746 91 975 136 IOANNIS
1011 93 1270 138 ZONARAE

275 204 371 256 τούς
417 222 456 247 τε
502 205 689 262 πρέσβεις
726 206 852 257 εὐθὺς
888 207 1180 263 ἀπεπέμψαντο
1227 198 1496 267 καὶ’Μάρκῳ
1535 212 1752 269 Φουλουίῳ
1796 254 1807 273 ⁴

275 271 348 328 τὴν
377 271 554 315 Ἑλλάδα
589 274 793 318 ἀνέθεντο.
864 274 884 318 ὃ
920 277 964 318 δὲ
996 278 1036 326 ἐς
1063 277 1313 333 Ἀμβρακίαν
1343 276 1416 332 τὴν
1450 275 1566 320 πόλιν
1589 284 1751 336 πρῶτον
1795 295 1807 312 -2

271 343 435 398 ὥρμησε
458 340 639 397 μεγάλην
663 337 789 386 οὖσαν
812 338 880 398 (ἦν
903 343 980 401 γάρ
1006 362 1101 387 ποτε
1125 349 1197 387 τοῦ
1220 343 1394 402 Πύρρου
1416 344 1636 400 βασίλειον,
1659 346 1749 390 τότε
1800 356 1804 362 ’

271 411 315 452 δὲ
338 412 538 464 κατείχετο
564 411 667 468 πρὸς
690 416 770 454 τῶν
792 414 1033 467 Αἰτωλῶν),
1070 415 1136 456 καὶ
1160 412 1383 470 ἐπολιόρκει
1406 412 1547 467 αὐτήν.
1617 415 1655 458 οἱ
1679 411 1750 458 οὖν

271 481 454 522 Αἰτωλοὶ
494 479 596 536 πρὸς
635 480 758 522 αὐτὸν
798 479 900 538 ὑπὲρ
941 479 1100 538 εῗρήνης
1141 481 1442 536 διειλέχθησαν·
1496 479 1553 532 ὥς
1592 483 1635 526 δ’
1677 484 1786 526 οὗκ5

270 547 450 603 ἠθέλησε
475 549 746 599 σπείσασθαι,
792 549 915 605 μέρος
946 567 985 591 τι
1013 554 1088 592 τοῦ
1122 554 1300 607 στρατοῦ
1330 550 1371 600 ἐς
1401 549 1475 605 τὴν
1502 543 1751 606 Ἀμβρακίαν

272 616 534 670 εἶσέπεμψαν.
604 634 642 658 οι
667 618 711 659 δὲ
728 615 921 670 Ῥωμαῖοι
947 618 1007 659 δι’
1033 616 1241 672 υπονόμου
1268 618 1375 668 τινὸς
1399 615 1658 675 ἐπεχείρησαν
1680 620 1752 675 τὴν

270 682 387 727 πόλιν
422 683 537 736 ἑλεῖν,
573 686 640 726 καὶ
665 683 894 741 διώρυσσον
916 685 1154 744 πόρρωθεν·
1192 689 1259 729 καὶ
1291 687 1390 737 τέως
1420 688 1494 742 μὲν
1526 685 1752 731 ἐλάνθανον

270 753 366 803 τοὺς
391 753 776 810 πολιορκουμένους,
812 755 895 796 ἐπεὶ
921 754 961 796 δ’
990 753 1013 797 ὃ
1031 760 1133 809 χοῦς
1156 756 1391 812 ἠθροίσθη,
1425 753 1683 811 ὖπετόπησαν
1705 757 1772 799 ‘co'

269 820 488 877 γινόμενον.
561 822 796 877 ἀγνοοῦντες
826 823 869 864 δ’
904 821 983 877 ὅπη
1015 822 1250 880 ὀρύσσοιτο,
1281 827 1439 877 χαλκῆν
1469 824 1623 867 ἀσπίδα
1645 824 1749 867 κατὰ
1763 829 1809 865 10

270 889 340 932 τὸν
380 891 593 946 περίβολον
633 890 737 946 πρὸς
780 891 878 933 αὐτὸ
923 892 1086 934 ἐτίθουν
1127 892 1172 934 τὸ
1218 889 1414 942 δάπεδον·
1461 893 1528 934 καὶ
1569 892 1638 935 διὰ
1680 897 1754 948 τῆς

268 958 372 1012 ἠχῆς
410 958 481 1000 τὸν
522 956 647 1000 τόπον
688 956 846 1013 γνόντες
887 961 956 1001 καὶ
1000 960 1116 1002 αὐτοὶ
1157 959 1418 1017 ἀντώρυσσον
1457 959 1638 1012 ἔνδοθεν,
1683 963 1752 1004 καὶ

269 1024 516 1076 πελάσαντες
540 1032 625 1076 τοῖς
652 1023 867 1080 Ῥωμαίοις
898 1026 1023 1084 ᾔεσαν
1057 1030 1113 1078 εἲς
1145 1026 1281 1082 μάχας
1309 1027 1503 1083 κρυπτάς.
1571 1029 1685 1080 τέλος
1708 1029 1755 1072 δέ

269 1113 307 1138 τι
330 1099 513 1137 τοιοῧτον
547 1094 895 1149 ἀντετεχνήσαντο.
966 1097 1090 1138 πίθον
1122 1097 1249 1151 μέγαν
1283 1098 1433 1140 πτίλων
1468 1096 1753 1155 πληρώσαντες

270 1167 350 1220 πῦρ
376 1165 416 1212 ἒς
442 1162 564 1205 αὐτὸν
587 1164 744 1218 ἐνῆκαν,
780 1166 846 1205 καὶ
882 1168 1005 1217 πῶμα
1032 1168 1212 1218 χαλκοῦν
1248 1165 1359 1223 αὐτῷ
1390 1169 1576 1221 πολλαχῆ
1609 1173 1808 1223 τετρη-ΙΞ·

269 1232 389 1286 μένον
413 1232 624 1286 ἐνέθηκαν,
660 1233 726 1273 καὶ
765 1235 819 1282 εἷς
850 1231 919 1274 τὸν
952 1230 1156 1287 ὑπόνομον
1181 1233 1252 1275 τὸν
1275 1235 1400 1275 πίθον
1423 1235 1660 1288 κομίσαντες
1684 1237 1752 1277 καὶ

270 1300 371 1357 πρὸς
403 1300 499 1350 τοὺς
530 1300 746 1354 πολεμίους
777 1300 1001 1355 τρέψαντες
1032 1302 1077 1344 τὸ
1113 1299 1245 1354 στόμα
1280 1301 1407 1344 αὐτοῦ
1439 1301 1689 1359 ἀκροφύσιόν
1713 1303 1752 1345 οἱ

270 1368 375 1410 κατὰ
414 1368 484 1410 τὸν
520 1368 711 1421 πυθμένα
749 1369 964 1421 ἐνέβαλον,
1013 1372 1079 1411 καὶ
1116 1368 1246 1427 τούτῳ
1285 1368 1421 1426 φύσας
1456 1372 1752 1428 προσφέροντες

270 1441 456 1479 πλεῖστον
489 1438 554 1478 καὶ
581 1438 758 1492 δυσχερῆ
781 1439 935 1479 καπνὸν
958 1435 1025 1479 οἶα
1050 1439 1092 1480 ἐκ
1115 1440 1265 1480 πτίλων
1288 1439 1472 1494 ἐκθορεῖν
1495 1440 1669 1492 ἐποίουν,
1705 1439 1751 1483 ὃν

271 1506 403 1555 οὐδεὶς
437 1509 517 1547 τιόν
546 1502 756 1558 Ῥωμαίων
791 1503 994 1560 ὑπέμενεν.
1063 1505 1161 1548 ὅθεν
1201 1505 1441 1562 ἀπογνόντες
1482 1507 1519 1549 οἱ
1555 1506 1806 1562 Ῥωμαῖοι20

270 1574 504 1616 ἐσπείσαντο
538 1574 604 1614 καὶ
637 1573 710 1628 τὴν
746 1575 980 1631 πολιορκίαν
1015 1575 1253 1617 κατέλυσαν.
1325 1573 1661 1630 ὁμολογησάντων
1704 1577 1746 1619 δ’

271 1642 406 1684 αὐτῶν
442 1643 508 1684 καὶ
545 1641 584 1682 οἳ
618 1644 801 1683 Αἰτωλοὶ
838 1640 1127 1695 μετεβάλοντο·
1178 1644 1244 1685 καὶ
1282 1642 1547 1700 διεπράξαντο
1584 1644 1749 1700 ἀνοχήν,

273 1709 357 1753 εἶτα
380 1712 447 1753 καὶ
471 1708 632 1767 εἰρήνην
655 1710 767 1768 παρὰ
791 1715 865 1753 τοῦ
887 1709 1043 1766 δήμου,
1089 1712 1220 1754 πολλὰ
1249 1712 1321 1765 μὲν
1350 1711 1544 1769 χρήματα
1574 1715 1750 1765 πολλοὺς

1805 1755 1820 1765 ι

366 1851 386 1884 1
409 1846 545 1905 μάρφω
570 1849 708 1894 λουῖρω
730 1851 774 1885 Α.
929 1851 951 1886 6
975 1847 1166 1896 ἠθέλησαν
1190 1851 1233 1887 A.
1390 1851 1478 1897 107
1456 1851 1651 1899 γινόμενον
1671 1854 1748 1898 Ac,

361 1893 560 1951 γενόμενον
579 1897 666 1930 PW.
817 1897 862 1933 14
883 1897 1015 1931 πτίλον
1037 1896 1078 1933 Α.
1203 1899 1250 1934 21
1276 1894 1317 1933 δ’
1342 1909 1397 1933 om
1421 1898 1464 1933 C.
1580 1899 1628 1935 22
1649 1910 1749 1945 μετε-

364 1939 524 1987 βαλοντο
549 1943 591 1987 A,
618 1939 872 1989 μεταβάλοιντο
897 1943 986 1980 PW.

270 2066 350 2110 ctis,
374 2066 426 2102 Μ
452 2066 581 2100 Fulvio
607 2067 790 2102 Graeciam
813 2066 1031 2114 provinciam
1053 2067 1296 2103 decreverunt.
1346 2067 1405 2113 qui
1430 2067 1576 2114 primum
1598 2067 1748 2103 Ambra-

269 2113 355 2146 ciam
378 2113 498 2146 urbem
522 2124 699 2159 magnam,
721 2115 849 2159 Pyrrhi
873 2114 952 2147 olim
976 2114 1128 2158 regiam,
1152 2118 1224 2148 turn
1248 2118 1364 2148 autem
1388 2114 1525 2148 Aetolis
1550 2114 1748 2158 obnoxiam,

268 2158 417 2194 obsedit.
466 2158 581 2192 Aetoli
606 2160 737 2194 frustra
762 2161 804 2195 de
830 2159 1072 2204 pacificatione
1097 2171 1172 2193 curn
1198 2171 1239 2193 eo
1263 2159 1389 2203 locuti,
1415 2160 1590 2194 exercitus
1594 2166 1750 2214 partem

268 2205 304 2238 in
328 2205 446 2238 urbem
472 2204 652 2240 miserunt.
700 2217 800 2250 quam
825 2205 973 2240 Romani
1004 2217 1078 2259 per
1091 2205 1268 2239 cuniculos
1292 2217 1420 2251 capere
1445 2205 1604 2250 aggressi
1627 2218 1648 2240 a
1672 2206 1750 2240 ion-

266 2251 398 2295 ginquo
431 2250 663 2285 suffoderunt.
712 2252 747 2285 id
773 2251 907 2286 obsessi
931 2251 1101 2305 principio
1127 2262 1194 2284 non
1218 2251 1562 2293 animadverterunt3
1598 2252 1660 2286 sed
1686 2264 1749 2286 ex-

269 2300 437 2342 aggerata
462 2296 564 2330 humo
589 2297 759 2343 suspicati
785 2298 866 2344 quid
893 2297 942 2331 rei
967 2303 1072 2340 esset,
1097 2297 1179 2342 quia
1197 2301 1310 2330 tamen
1328 2297 1542 2351 ignorabant
1565 2298 1626 2332 ubi
1649 2298 1750 2331 fode-

267 2347 386 2386 retur,
415 2353 552 2376 aereum
578 2343 724 2388 clipeum
751 2344 844 2377 humi
869 2343 1046 2378 moenibus
1071 2343 1308 2387 applicarunt,
1335 2354 1427 2388 eque
1449 2342 1566 2377 sonitu
1589 2343 1664 2377 loco
1688 2344 1749 2377 de-

268 2388 460 2434 prehenso,
496 2392 602 2431 atque
633 2389 840 2424 intrinsecus
871 2389 1025 2423 viciSsim
1058 2388 1216 2423 suffossis
1250 2389 1448 2433 moenibus,
1483 2400 1559 2423 cum
1582 2389 1749 2424 Romanis

267 2434 405 2468 occulta
443 2434 577 2478 praelia
614 2436 871 2470 commiserunt.
918 2435 1058 2469 tandem
1101 2435 1293 2468 huiusmodi
1334 2434 1450 2469 dolum
1488 2435 1748 2479 excogitarunt.

267 2491 391 2524 magno
416 2480 508 2513 ‹lolio'
532 2479 657 2523 plumis
682 2481 814 2527 repleto
838 2481 952 2525 ignem
976 2480 1180 2523 iniecerunt,
1206 2491 1309 2514 aereo
1334 2481 1498 2525 operculo
1524 2481 1640 2515 multis
1663 2493 1749 2525 per-

267 2528 384 2560 fonto
409 2525 496 2559 locis
520 2525 653 2561 addito.
703 2528 777 2561 eius
801 2527 884 2560 dolii
911 2538 971 2560 ore
994 2527 1030 2560 in
1054 2506 1222 2560 cunicu’iis
1247 2526 1408 2560 hostibus
1433 2527 1598 2570 obverso,
1622 2527 1749 2560 fundo-

267 2584 334 2616 que
361 2572 442 2605 folle
468 2571 600 2606 inserto
623 2572 758 2616 inflato,
785 2572 966 2607 maximum
990 2577 1026 2606 et
1048 2571 1323 2606 molestissimum
1344 2573 1486 2617 fumum,
1510 2577 1549 2606 ut
1571 2583 1614 2606 ea
1638 2577 1748 2606 mate-

271 2618 322 2651 ria
346 2617 671 2659 fe1t‚excitarunt;
697 2630 798 2664 quem
824 2630 898 2653 cum
923 2630 1020 2652 nemo
1037 2618 1267 2652 Romanorum
1290 2619 1441 2653 tolerare
1464 2621 1597 2664 posset,
1621 2618 1748 2663 despe-

271 2667 351 2697 rata
375 2663 635 2708 expugnatione
658 2666 841 2710 solutaque
872 2664 1052 2698 obsidione
1076 2675 1195 2717 pacem
1221 2665 1390 2699 fecerunt.
1439 2668 1519 2709 post
1542 2664 1748 2698 Ambracio-

271 2714 385 2743 tarum
409 2709 619 2744 deditionem
635 2710 750 2744 Aetoli
777 2722 915 2756 quoque
940 2709 1060 2744 mutati
1086 2709 1195 2755 primo
1219 2709 1390 2753 inducias,
1412 2721 1492 2744 mox
1507 2709 1608 2744 etiam
1626 2721 1746 2756 pacem

273 2766 294 2789 a
316 2754 483 2789 Romanis
505 2749 762 2801 impetrarunt,
794 2767 918 2801 magna
942 2755 1089 2802 pecunia
1111 2759 1148 2789 et
1170 2755 1285 2790 multis
1309 2755 1488 2791 obsidibus
1512 2755 1618 2790 datis.
1662 2755 1748 2790 Ful-
