1820 3120
292 82 392 127 324
767 83 1009 130 IOANNIS‘
1029 85 1289 132 ZONARAE

291 197 359 237 καὶ
381 198 460 236 τῶν
482 194 688 251 ἐπιφανῶν
710 194 848 240 ἄδειαν
871 198 1038 242 ἶς’ὃωκεν·
1083 194 1140 242 ὧν
1171 202 1237 242 καὶ
1264 202 1445 257 Βροῦτος
1473 196 1523 257 ἦν
1552 199 1574 244 ὃ
1606 202 1760 252 κτείνας

104 271 132 304 P
160 271 171 303 l
200 270 266 307 486
290 261 413 305 αὐτὸν
443 261 624 318 ὕστερον.
693 265 831 308 ἐδίωκε
855 267 899 308 δὲ
920 266 990 310 τὸν
1014 267 1245 322 Πομπήϊον.
1313 266 1335 310 ὃ
1354 269 1413 311 scia?
1442 270 1583 312 πλοίου
1615 270 1761 324 ἐπιβὰς

289 334 498 387 φορτηγοῦ
542 333 609 372 καὶ
654 332 943 389 παραπλεύσας
988 335 1052 376 ἐπ’
1096 334 1376 392 Ἀμφιπόλεως
1419 338 1475 387 εἷς
1518 336 1759 394 Μιτυλήνην

284 395 502 453 κατήχθη,
549 398 801 455 βουλόμενος
823 403 895 456 τὴν
919 410 1088 458 γυναῖκα
1113 406 1345 461 Κορνηλίαν
1366 404 1583 459 ἀναλαβεῒν
1603 406 1758 452 &affin

288 468 355 508 καὶ
386 466 456 509 τὸν
487 466 594 509 υἱόν.-
657 466 682 521 ᾖ
707 471 751 512 δὲ
773 465 822 524 ἦν
845 469 1038 527 θυγάτηρ
1058 473 1271 515 Μετέλλου
1297 473 1541 525 Σκιπίωνος,
1568 473 1790 527 moturi-5

283 535 502 588 σασαμέν
533 537 576 577 ἐκ
608 539 833 592 παρθενίας
853 541 1024 597 Ποπλίῳ
1059 545 1115 598 τῷ
1141 539 1336 597 Κράσσου
1369 542 1507 592 παιδί,
1541 539 1690 591 ἐκείνου
1714 543 1758 584 δὲ

285 602 528 658 τεθνηκότος
550 605 591 646 ἐν
612 603 805 660 Πάρθοις
836 611 1070 662 γαμηθεῖσα
1099 613 1158 665 τῷ
1178 611 1401 666 Πομπηΐῳ.
1469 604 1519 663 ἦν
1545 610 1589 652 δὲ
1608 607 1635 664 ἦ
1658 608 1756 668 κόρη

284 673 352 713 καὶ
376 670 448 726 τὴν
471 670 581 727 ὥραν
606 673 831 729 διαπρεπής
839 706 852 726 ,
877 675 925 717 οὗ
948 676 1030 730 μὴν
1053 676 1160 718 ἀλλὰ
1183 679 1249 719 καὶ
1273 679 1363 735 περὶ
1384 675 1606 734 γράμματα
1624 681 1758 728 καλῶς

211 755 215 758 ·
281 737 434 794 ἤσκητο
465 741 533 781 καὶ
567 743 656 797 περὶ
693 739 822 798 λύραν
852 745 918 785 καὶ
953 747 1216 801 γεωμετρίαν,
1262 748 1328 788 καὶ
1359 744 1489 801 λόγων
1521 744 1758 804 φιλοσόφων

284 807 440 850 εἴθιστο
467 810 680 863 χρησίμως
712 809 882 863 ἀκούειν,
918 814 985 853 καὶ
1018 817 1175 868 προσῆν
1207 812 1366 864 τούτοις
1395 808 1502 868 ἦθος
1529 815 1755 871 περιεργίας
1766 822 1812 856 10

82 859 127 890 W
149 857 181 891 Π
199 855 268 937 Γέ)
283 873 484 933 καθαρόν.
555 875 767 920 ἀκούσασα
798 881 930 922 τοίνυν
957 879 1067 935 ἥκειν
1088 880 1309 937 Πομπήϊον
1329 882 1432 937 μετὰ
1454 882 1550 937 νηὸς
1569 886 1673 937 μιᾶς-
1689 884 1757 925 καὶ

283 944 409 998 αὐτῆς
430 943 646 999 ἀλλοτρίας
669 945 895 1002 φεύγοντα,
937 950 1126 992 κατέπεσε
1143 952 1303 1005 χαμᾶζε
1327 952 1394 993 καὶ
1417 949 1594 1001 ἄναυδος
1618 949 1755 994 ἔκειτο.

282 1010 401 1065 μόλις
441 1011 490 1054 δ’
534 1007 605 1054 οὖν
646 1016 702 1064 εἷς
742 1014 892 1070 ἑαυτὴν
931 1018 1115 1059 ε’λθοῦσα
1155 1020 1371 1076 ἐξέδραμεν
1414 1020 1477 1061 ἐπὶ
1522 1016 1755 1062 θάλασσαν.

281 1078 586 1135 ἀπαντήσαντος
619 1082 662 1123 δὲ
692 1088 764 1125 τοῦ
795 1086 1019 1140 Πομπηΐου
1052 1088 1120 1128 καὶ
1151 1079 1513 1143 ἐναγκαλισαμένου
1538 1085 1654 1145 “ὃρῶ’
1674 1087 1750 1130 o?

281 1146 384 1191 εἶπεν
413 1146 560 1204 “ὄίνερ,
593 1149 639 1191 οὗ
663 1155 736 1205 τῆς
759 1157 833 1207 σῆς
856 1151 978 1208 τύχης
999 1153 1115 1210 ἔργον
1138 1155 1338 1211 ἀλλά-τῆς
1361 1157 1480 1210 ἐμῆς,
1503 1170 1751 1214 προσερριμ-
1763 1151 1820 1214 15}

278 1217 398 1271 μένον
431 1215 487 1259 ἕνὶ
523 1216 691 1274 σκάφει,
727 1219 797 1262 τὸν
828 1221 907 1278 πρὸ
938 1226 1018 1264 τῶν
1048 1227 1120 1278 τῆς
1144 1225 1374 1281 Κορνηλίας
1395 1222 1539 1280 γάμων
1558 1241 1753 1267 πεντακο-

279 1286 386 1335 σιάις
418 1287 535 1327 ναυσὶ
567 1284 718 1341 ταύτην
749 1288 1090 1344 παραπλεύσαντα
1112 1292 1186 1346 τὴν
1208 1292 1440 1336 θάλασσαν.
1509 1290 1564 1342 ὥς
1586 1292 1754 1347 εὐτυχὴς

277 1354 352 1406 μὲν
386 1352 436 1395 ἂν
469 1353 578 1408 ἤμην
611 1355 710 1410 γυνὴ
746 1356 823 1413 πρὸ
857 1362 930 1399 τοῦ
960 1357 1145 1401 Πόπλιον
1177 1362 1218 1402 ἓν
1247 1359 1445 1418 Πάρθοις
1478 1358 1650 1404 ἀκοῦσαι
1681 1360 1752 1402 τὸν

279 1423 501 1478 παρθένιον
525 1421 655 1478 ἄνδρα
677 1424 855 1478 κείμενον
877 1425 1168 1479 ἀποθανοῦσα,
1205 1427 1382 1487 σώφρων
1405 1429 1450 1471 δὲ
1471 1426 1747 1482 μετ”ἕκεῖνοη

226 1499 258 1534 C
282 1488 415 1547 ὥσπερ
447 1489 641 1546 ὥρμησα,
685 1491 755 1534 τὸν
787 1492 933 1548 ἑαυτῆς
966 1497 1162 1554 προεμένη
1194 1499 1299 1552 βίον.
1367 1495 1574 1553 ἐσωζόμην
1606 1497 1652 1540 δὲ
1681 1498 1806 1542 καὶ20

371 1598 391 1630 1
409 1592 573 1632 δέδωκεν
587 1596 662 1632 AB.
758 1598 915 1644 βροῦτος
935 1601 965 1636 Α
980 1603 1198 1648 Plutarchus,
1223 1600 1243 1638 ὁ
1261 1603 1424 1647 Βροῦτος
1437 1603 1529 1640 PW.
1621 1603 1646 1639 4
1660 1615 1747 1648 κορ-

368 1642 500 1686 νηλίοιν
524 1643 677 1687 ABCW,
703 1645 907 1688 Κορνιλίαν
930 1649 970 1682 Ρ.
1049 1645 1196 1683 ἐκεῖθεν
1211 1648 1275 1683 καὶ
1297 1650 1371 1693 ΑΒ,
1394 1649 1459 1684 καὶ
1481 1646 1524 1684 δὲ
1547 1650 1588 1706 P,
1603 1647 1668 1685 καὶ
1685 1651 1746 1684 W.

370 1689 391 1721 5
409 1683 432 1731 ἡ
450 1684 493 1722 δὲ
509 1688 666 1732 ABCW,
690 1686 716 1734 ἢ
732 1691 774 1725 Ρ.
877 1689 903 1736 ἡ
926 1690 969 1727 δὲ
992 1685 1041 1738 ἦν
1063 1714 1108 1719 --
1135 1697 1179 1729 10
1200 1695 1407 1740 περιεργίας
1428 1697 1604 1738 καθαρον
1628 1707 1648 1731 e
1663 1695 1746 1731 Plu-

368 1733 482 1768 tarchi
505 1735 688 1780 Pompeio,
721 1748 753 1770 c.
774 1737 832 1772 55.
971 1738 993 1772 6
1015 1741 1160 1787 ποπλίῳ
1184 1741 1277 1775 ABG
1302 1752 1377 1776 cum
1401 1741 1606 1785 Plutarcho,
1642 1741 1747 1775 Που-

365 1779 458 1824 nugo
483 1780 568 1815 PW.
709 1780 730 1815 7
752 1783 806 1828 τῷ
827 1784 896 1818 add
918 1781 1024 1822 ABG.
1165 1786 1186 1821 9
1211 1793 1292 1822 ante
1344 1787 1540 1831 εωμετρίαν
1569 1788 1647 1822 PW
1678 1787 1745 1822 add

366 1825 461 1868 περὶ,
479 1837 531 1859 om
549 1826 579 1860 A
595 1826 812 1863 Plutarchus,
921 1831 964 1863 15
981 1830 1292 1877 προσερριμμένον
1332 1832 1367 1867 vl.
1382 1830 1517 1877 σκάφει
1531 1833 1591 1868 ΑΒ
1607 1833 1745 1867 Plutar-

360 1871 471 1914 chus,
497 1867 552 1905 ἑνὶ
573 1869 706 1915 σκάφει
728 1870 1013 1919 προσερᾇμένον
1036 1878 1124 1912 PW.
1163 1904 1165 1906 -
1221 1879 1263 1914 16
1285 1875 1351 1913 τὸν
1375 1875 1448 1922 πρὸ
1467 1879 1542 1914 τῶν
1563 1879 1629 1923 τῆς
1651 1879 1745 1923 AW,

364 1913 432 1950 τὸν
462 1913 535 1960 πρὸ
571 1917 636 1960 τῆς
670 1918 697 1951 Β
711 1944 720 1961 ,
754 1916 823 1963 τὴν
856 1918 928 1965 πρὸ
959 1923 1032 1956 τῶν
1065 1924 1130 1967 τῆς
1162 1925 1213 1967 C,
1259 1924 1332 1958 τῶν
1369 1922 1440 1967 πρὸ
1480 1925 1553 1959 τῶν
1596 1923 1663 1968 τῆς
1699 1924 1742 1961 Ρ.
1804 1926 1806 1929 ’

362 1961 410 1996 18
425 1958 492 2007 μὲν
508 1963 575 1997 add
591 1965 620 1996 A
636 1964 855 2002 Plutarchus.
961 1966 1122 2003 πόπλιον
1135 1970 1196 2003 Ac
1211 1970 1430 2015 Plutarchus,
1447 1967 1639 2005 Πούπλιον
1653 1970 1742 2007 PW.

272 2053 388 2086 multis
422 2053 526 2088 claris
559 2053 645 2088 viris
677 2054 884 2100 impunitate
908 2069 1093 2103 concessa,
1125 2071 1146 2094 e
1170 2071 1313 2105 quorum
1335 2071 1478 2095 numero
1500 2061 1630 2095 Brutus
1653 2071 1743 2105 quo-

272 2110 338 2143 que
361 2099 430 2133 suit
453 2099 511 2144 qui
536 2110 610 2133 eum
634 2106 717 2145 post
741 2102 886 2145 occidit,
918 2103 1117 2149 Pompeium
1142 2112 1196 2140 est
1221 2111 1435 2151 persecutus.
1494 2104 1526 2140 is
1550 2117 1636 2140 vero
1659 2106 1742 2141 navi

270 2145 431 2180 oneraria
455 2156 643 2179 conscensa
670 2147 900 2193 Amphipolim
925 2156 1029 2194 atque
1053 2151 1134 2184 inde
1160 2152 1359 2195 Mitylensm
1387 2156 1453 2186 est'
1470 2154 1667 2197 profectae,
1703 2155 1742 2186 ut

269 2190 376 2224 filium
404 2195 440 2223 et
462 2202 602 2224 uxorem
629 2192 821 2227 Corneliam
838 2195 1023 2238 -Scipionis
1046 2196 1178 2230 Metelli
1205 2197 1307 2231 filiam
1338 2197 1419 2231 inde
1448 2209 1563 2233 secum
1589 2197 1741 2232 abduce·

269 2242 339 2270 ret.
388 2247 477 2280 quae
500 2248 574 2270 cum
605 2238 703 2282 virgo
726 2239 849 2273 Publio
877 2241 997 2275 Crassi
1021 2242 1091 2275 filio
1115 2248 1223 2288 nupta
1245 2243 1383 2285 fuisset,
1408 2254 1449 2276 eo
1474 2255 1495 2278 a
1517 2243 1658 2278 Parthis
1676 2244 1738 2277 'in-
1793 2272 1795 2274 .

268 2282 416 2317 terfecto
441 2282 606 2327 Pompeio
630 2285 802 2328 desponsa
828 2286 959 2329 fuerat,
996 2288 1111 2332 puella
1133 2294 1169 2322 et
1191 2288 1340 2333 eleganti
1362 2290 1473 2323 forma
1495 2294 1532 2323 et
1553 2289 1590 2323 in
1611 2289 1743 2331 litteris

270 2329 380 2373 probe
404 2328 549 2370 erudita,
574 2340 640 2362 nec
663 2330 780 2364 fidium
804 2342 868 2364 nec
891 2333 1102 2376 geometriae
1123 2334 1257 2379 ignara,
1282 2340 1319 2368 et
1342 2334 1596 2381 philosophicas
1620 2334 1739 2380 dispu—

268 2374 423 2407 tationes
456 2373 590 2408 utiliter
620 2375 741 2410 audire
773 2377 890 2411 solita.
939 2390 1014 2412 cum
1037 2380 1143 2413 tantis
1167 2380 1307 2414 dotibus
1331 2380 1433 2414 etiam
1455 2392 1586 2415 morum
1609 2380 1740 2425 simpli-

269 2420 357 2453 citas
394 2420 681 2463 coniungebatur.
730 2433 819 2466 quae
850 2434 925 2457 cum
959 2425 1159 2470 Pompeium
1183 2426 1331 2470 *navigio
1371 2437 1440 2460 uno
1479 2438 1590 2471 eoque
1625 2425 1738 2460 alieno
1806 2452 1809 2454 >

269 2466 459 2510 fugientem
482 2465 605 2499 adesse
629 2467 803 2511 audisset,
840 2468 932 2502 humi
965 2471 1127 2517 prolapsa
1157 2471 1215 2505 diu
1245 2472 1322 2504 sine
1354 2483 1443 2506 voce
1465 2472 1584 2508 iacuit.
1633 2482 1739 2516 aegre

268 2512 463 2545 refocillata
487 2511 530 2544 ad
554 2521 647 2545 mare
673 2513 844 2548 decurrit.
886 2515 946 2548 ubi
968 2527 1042 2550 cum
1067 2528 1140 2550 eam
1165 2518 1349 2562 Pompeius
1370 2517 1507 2552 obviam
1531 2527 1738 2562 progressus

273 2556 448 2602 amplexus
473 2562 586 2601 esset,
619 2553 749 2591 “video
773 2556 840 2593 te''
866 2560 981 2606 inquit
1001 2558 1072 2596 “mi
1093 2562 1172 2606 vir,-
1200 2562 1237 2595 in
1262 2574 1362 2598 unam
1386 2575 1511 2598 navem
1534 2564 1738 2606 coniectum,

271 2614 384 2644 meae,
419 2614 489 2636 non
518 2609 601 2637 tuae
634 2604 795 2638 fortunae
819 2606 939 2651 culpa,
973 2607 1045 2652 qui·
1062 2613 1143 2642 ante
1165 2608 1348 2643 Corneliae
1372 2609 1514 2664 nuptias
1536 2607 1738 2654 quingentis

270 2649 419 2682 navibus
444 2649 508 2682 hoc
532 2660 627 2682 mare
649 2651 805 2685 tenuisti.
853 2663 953 2696 quam
979 2652 1161 2688 fortunata
1183 2654 1326 2689 fuissem
1350 2656 1484 2699 mulier,
1514 2655 1552 2688 -si
1574 2659 1655 2689 ante
1676 2664 1738 2687 au—

269 2693 380 2728 ditum
406 2694 520 2728 Publii
543 2694 646 2740 primi
670 2696 787 2730 mariti
807 2696 843 2730 in
865 2698 1004 2732 Parthis
1028 2699 1205 2734 interitum
1228 2695 1409 2735 obiissem:
1434 2700 1575 2746 sapiens
1591 2710 1675 2734 vero
1692 2698 1736 2743 si,

270 2743 310 2773 ut
333 2739 566 2782 institueram,
601 2747 682 2785 post
711 2742 804 2777 illum
837 2754 955 2779 necem
987 2744 1070 2779 mihi
1102 2745 1364 2783 conscivissem
1407 2758 1529 2795 verum
1559 2744 1737 2780 incolumis
1786 2792 1794 2800 ι
