1820 3120
275 105 378 152 400
534 76 541 84 ’
729 85 959 147 IOANNis
993 93 1256 148 zoNARAE

274 218 465 277 γερουσία
498 217 566 259 καὶ
600 215 627 271 ἡ
661 216 787 267 ἶππὰς
808 221 882 260 τοῦ
903 234 946 260 τε
971 215 1104 272 δήμου
1127 216 1174 259 τὸ
1200 220 1336 259 πλεῖον
1358 218 1425 259 καὶ
1448 216 1575 275 ἕτεροι
1599 220 1751 273 συνῆλ-

274 292 356 330 θον
379 288 470 328 ἐκεῖ.
539 284 643 327 ἔνθα
672 284 724 328 τὰ
758 285 869 344 αὐτῷ
903 287 1101 328 δοκοῦντα
1124 283 1484 340 καταπραξάμενος
1504 286 1546 336 ἔς
1565 285 1640 340 τὴν
1655 285 1751 328 ‘Ei-—

275 355 382 397 λάδα
407 348 532 402 αυθις
554 353 698 410 ἀπῆρε.
767 356 836 396 καὶ
869 353 938 395 διὰ
961 357 1036 395 τοῦ
1052 353 1224 406 Ἰσθμοῦ
1247 357 1320 407 τῆς
1341 351 1654 408 Πελοποννήσου
1677 355 1752 405 τὰς

275 427 375 472 ναῦς
411 421 481 464 διὰ
525 421 596 464 τὸν
637 426 817 477 χειμῶνα
861 422 1064 477 διαγαγὼν
1103 422 1258 499 ταχέως
1298 423 1354 472 εἰς
1393 421 1468 477 τὴν
1499 421 1637 467 Ἀσίαν
1680 423 1754 465 ἀν-

276 491 491 545 εκομίσθη.
1763 501 1786 535 5

225 564 256 599 Β
414 556 662 613 Κλεοπάτρα
694 557 738 598 δὲ
772 560 959 614 φυγοῦσα
982 559 1227 610 καταλαβεῖν
1249 555 1322 610 τὴν
1343 556 1554 614 Αἴγυπτον
1575 555 1755 610 ἔσπευσε,

275 628 480 669 δεδοικυῖα
502 625 560 680 μή
584 643 623 668 τι
646 626 923 681 νεωτερίσωσι.
975 627 1043 667 καὶ
1067 625 1255 680 γενομένη
1282 626 1324 666 ἓν
1345 623 1472 681 ταύτῃ
1497 624 1756 685 πανταχόθεν

276 696 457 750 συνέλεγε
477 693 674 751 χρήματα
697 692 869 749 ἤθροιζὲ
888 710 930 735 τε
955 692 1158 746 δυνάμεις.
1210 691 1418 744 Ἀντώνιος
1434 694 1486 736 δὲ
1508 695 1565 744 εἲς
1585 692 1757 749 Λιβύην

276 763 534 806 ἀπέπλευσεν.
569 763 653 804 ἐπεὶ
677 762 721 803 δὲ
743 763 810 803 καὶ
835 760 932 818 ὅπερ
958 760 1058 816 εἶχεν
1081 763 1165 804 ἐκεῖ
1182 759 1414 817 στράτευμα
1437 761 1590 817 ἀπέστη
1615 763 1756 814 αὐτοῦ,

276 830 441 889 ὥρμησε
474 832 548 885 μὲν
584 829 728 872 ἑαυτὸν
759 829 924 881 ἀνελεῖν,
969 828 1049 873 ὑπὸ
1082 831 1126 872 δὲ
1157 834 1237 872 τῶν
1269 831 1398 887 φίλων
1430 828 1653 883 κεκώλυτο,
1687 833 1786 876 καὶ1

277 899 529 954 ἀνεκομίσθη
565 901 621 949 εἷς
646 897 962 954 Ἀλεξάνδρειαν.
1031 900 1099 941 καὶ
1129 897 1474 955 ’παρεσκευάζοντο
1506 899 1580 952 μὲν
1611 897 1667 950 ὥς
1689 901 1757 942 καὶ

275 967 591 1022 πολεμήσοντες,
630 966 809 1009 ἔστειλαν
843 968 890 1009 δέ
917 983 1030 1016 τινας
1060 968 1126 1008 καὶ
1149 967 1251 1024 πρὸς
1273 968 1468 1023 Καίσαρα
1490 966 1635 1023 λόγους
1654 966 1756 1025 ῧπὲρ

276 1035 437 1092 εῗρήνης
474 1037 733 1090 κομίζοντας,
778 1041 863 1085 τοῖς
896 1036 941 1077 δὲ
973 1039 1162 1078 συνοῦσιν
1204 1036 1316 1093 αὐτῷ
1352 1033 1562 1092 χρήματαε
1629 1038 1698 1079 καὶ
1729 1034 1757 1091 ἦ

277 1103 526 1161 Κλεοπάτρα
561 1102 701 1161 κρύφα
739 1108 812 1146 τοῦ
849 1103 1061 1146 Ἀντωνίου
1095 1108 1301 1159 σκῆπτρον
1333 1105 1445 1162 αὐτῷ
1473 1109 1655 1161 χρυσοῦν
1688 1106 1758 1147 καὶ

226 1175 256 1210 C
281 1173 480 1230 στέφανον
503 1171 642 1226 ὅμοιον
666 1173 733 1214 καὶ
758 1173 904 1229 δίφρον
925 1174 1129 1224 βασίλειον
1152 1172 1344 1227 ἔπεμψεν,
1369 1171 1424 1223 ὥς
1445 1174 1513 1214 καὶ
1535 1172 1611 1227 τὴν
1627 1172 1787 1230 ἀρχὴνΙ
1807 1187 1809 1189 ’

70 1247 119 1282 W
135 1245 172 1282 11
189 1245 258 1283 159
282 1242 392 1300 αὐτῷ
417 1242 475 1284 δι’
503 1241 637 1283 αὐτῶν
662 1243 845 1283 διδοῦσα.
888 1238 909 1282 ὃ
935 1242 978 1282 δὲ
999 1240 1050 1282 τὰ
1073 1242 1146 1294 μὲν
1170 1243 1284 1297 δῶρα
1307 1240 1464 1294 ἔλαβεν,
1488 1240 1629 1284 οἰωνὸν
1651 1242 1757 1285 αὐτοὶ

108 1321 109 1324 ’
273 1309 565 1364 ποιησάμενος,
614 1310 854 1366 ἀπεκρίνατο
880 1310 925 1351 δὲ
949 1314 1009 1367 τῷ
1030 1310 1104 1363 μὲν
1121 1309 1319 1367 Ἀντωνίῳ
1343 1309 1473 1361 οὐδέν,
1508 1308 1757 1370 Κλεοπάτρᾳ

275 1380 320 1422 δὲ
346 1378 406 1421 ὅτι
431 1377 700 1433 ἀποκτεινάσῃ
723 1377 793 1420 τὸν
809 1375 1018 1420 Ἀντώνιον
1041 1376 1068 1432 ἢ
1092 1376 1321 1434 ἐκβαλούσῃ
1346 1377 1485 1421 ἄδειαν
1507 1378 1613 1435 αὖτῇ
1634 1377 1758 1422 δώσει

274 1449 342 1490 καὶ
365 1447 439 1500 τὴν
463 1439 592 1503 ἀρχὴν
615 1444 723 1488 ἐάσει
747 1445 1100 1502 ἀπαρεγχείρητον.
1170 1447 1212 1488 ἓν
1242 1444 1423 1504 τοσούτῳ
1455 1447 1499 1488 δὲ
1527 1446 1604 1497 τὰς
1634 1448 1677 1489 ἕν
1699 1451 1758 1506 τῷ

269 1515 472 1572 Ἀραβικῷ
496 1513 632 1573 κόλπῳ
657 1516 987 1569 ναυπηγηθείσας
1013 1519 1063 1571 τῇ
1090 1513 1334 1574 Κλεοπάτρᾳ
1356 1513 1533 1571 τριήρεις
1554 1515 1814 1572 κατέπρη-20

274 1601 354 1627 σαν
385 1583 423 1626 οἱ
450 1581 657 1640 Ἀράβιοι,
692 1584 761 1624 καὶ
793 1582 867 1632 τὰς
901 1583 1135 1639 ἐπικουρίας
1167 1583 1205 1625 οἲ
1237 1585 1362 1638 δῆμοι
1392 1585 1459 1625 καὶ
1490 1583 1529 1625 οἳ
1561 1582 1758 1627 δυνάσται
1819 1621 1820 1633 2

275 1650 503 1707 ξύμπαντες
525 1649 825 1708 ἀπηρνήσαντο.
886 1649 1098 1702 Ἀντώνιος
1129 1652 1173 1693 δὲ
1202 1653 1270 1695 καὶ
1305 1650 1331 1707 ἦ
1355 1650 1601 1710 Κλεοπάτρα
1631 1651 1758 1696 ἀκού·
1819 1657 1820 1699 ἶ

369 1760 389 1794 1
413 1759 544 1793 πλεῖον
569 1759 598 1792 Α
620 1757 705 1800 Dio,
733 1759 905 1792 πλεῖστον
927 1758 1020 1794 PW.
1159 1757 1182 1792 3
1205 1755 1487 1815 πελοποννήσου
1510 1758 1561 1806 Β,
1585 1758 1754 1794 Πελοπο-

366 1801 482 1859 νήσου
507 1804 596 1840 PW.
694 1804 716 1839 9
740 1799 960 1838 ἐπέπλευσεν
986 1805 1027 1838 C.
1129 1805 1174 1838 12
1195 1802 1469 1860 πολεμωσοντες
1490 1805 1535 1842 Α.
1584 1803 1588 1806 ’
1630 1805 1676 1842 16
1698 1802 1755 1841 δι’

370 1847 493 1885 αυτῶν
517 1861 572 1884 om
593 1850 636 1886 B.
747 1851 821 1886 20
844 1846 1082 1897 κατέπρησαν
1104 1851 1137 1885 Α
1159 1851 1240 1895 Dio,
1263 1849 1497 1886 κατέκαυσαν
1517 1852 1609 1887 PW.

274 1946 416 1977 senatus
441 1944 479 1975 et
504 1940 588 1974 ordo
614 1943 776 1986 equester
797 1944 834 1974 et
858 1941 970 1985 plebis
992 1941 1137 1975 maxima
1158 1952 1241 1990 pars
1266 1945 1516 1977 convenerunt.
1563 1941 1626 1977 ubi
1648 1943 1757 1977 rebus

274 1987 479 2033 quibusdam
504 1999 548 2020 ex
569 1987 746 2020 sententia
770 1986 941 2020 confectis
965 1988 1088 2021 iterum
1114 1987 1150 2021 in
1176 1988 1361 2022 Graeciam
1383 1988 1565 2032 discessit,
1597 1991 1634 2022 et
1656 1989 1756 2023 navi·

274 2035 340 2068 bus
364 2045 429 2079 per
451 2033 617 2066 Isthmum
639 2033 941 2078 Peloponnensem
965 2034 1009 2067 ob
1033 2038 1275 2080 tempestatem
1296 2033 1491 2080 traductis,
1519 2034 1684 2070 celeriter
1717 2035 1755 2069 in

272 2080 392 2114 Asiam
419 2079 573 2112 transiit.

410 2125 458 2159 At
491 2125 684 2169 Cleopatra
712 2124 914 2169 Aegyptum
949 2135 1122 2169 occupare
1154 2124 1353 2166 contendit,
1383 2136 1427 2159 ne
1459 2125 1518 2170 qui
1550 2137 1609 2160 res
1642 2137 1756 2160 novas

273 2171 479 2205 molirentur
513 2175 683 2206 metuens,
733 2181 801 2214 quo
834 2182 909 2205 cum
944 2170 1123 2214 venisset,
1165 2171 1318 2216 undique
1349 2171 1531 2215 pecuniam
1566 2176 1602 2205 et
1633 2172 1754 2227 copias

272 2218 401 2261 coegit.
449 2215 621 2250 Antonius
653 2215 688 2248 in
712 2216 861 2259 Libyam
886 2216 1080 2261 navigavit.
1128 2227 1203 2250 cum
1228 2221 1339 2250 autem
1361 2217 1391 2250 is
1415 2227 1555 2262 quoque
1579 2218 1754 2251 exercitus

271 2274 373 2307 quem
397 2262 447 2296 ibi
472 2262 626 2295 habebat
649 2262 856 2304 defecisset,
891 2262 961 2296 sibi
995 2273 1114 2296 manus
1143 2264 1270 2296 afferre
1299 2261 1427 2296 voluit·
1463 2264 1524 2296 sed
1555 2264 1600 2308 ab
1631 2263 1754 2298 amicis

295 2308 470 2342 rohibitus
503 2307 752 2341 Alexandriam
787 2308 902 2341 venit.
949 2308 1002 2341 ibi
1036 2309 1079 2342 ad
1114 2319 1263 2353 pugnam
1296 2319 1334 2341 se
1367 2304 1601 2350 instruentes,
1636 2313 1754 2363 tamen

268 2321 405 2398 &gatos
430 2354 474 2387 de
498 2352 597 2398 pacis
621 2353 885 2387 condicionibus
910 2354 954 2387 ad
971 2353 1155 2387 Caesarem
1179 2354 1355 2396 miserunt,
1381 2358 1417 2387 et
1432 2354 1660 2389 familiaribus
1677 2354 1753 2389 eius

268 2400 452 2445 pecunias.
500 2398 690 2452 Cleopatra
723 2410 807 2433 vero
839 2400 925 2433 clam
949 2400 1104 2433 Antonio
1133 2399 1204 2445 ipsi
1229 2399 1372 2433 Caesari
1398 2410 1538 2434 aureum
1560 2405 1751 2445 sceptrum,

269 2446 424 2479 eiusdem
447 2444 618 2478 materiae
642 2455 801 2478 coronam
826 2452 862 2480 et
885 2445 1002 2479 sellam
1027 2445 1157 2489 regiam
1182 2445 1291 2488 misit,
1315 2449 1479 2489 tanquam
1502 2456 1572 2480 una
1596 2457 1671 2480 cum
1696 2445 1751 2480 his

268 2492 452 2536 imperium
478 2492 579 2525 etiam
605 2490 639 2523 ei
663 2491 834 2525 traderet.
883 2491 1016 2524 Caesar
1040 2490 1240 2524 muneribus
1263 2491 1345 2526 boni
1370 2491 1494 2525 ominis
1517 2502 1624 2526 causa
1651 2502 1754 2527 acce·

268 2537 340 2582 ptis
365 2537 517 2570 Antonio
542 2535 630 2570 nihil
654 2536 854 2581 respondit·
881 2537 1094 2581 Cleopatrae
1118 2537 1272 2570 nuntiari
1296 2537 1405 2579 iussit,
1431 2537 1460 2570 si
1479 2536 1668 2571 Antonium
1692 2537 1751 2572 vel

268 2583 459 2616 occidisset
484 2582 540 2616 vel
563 2581 738 2625 eiecisset,
763 2594 801 2615 se
824 2583 1063 2627 impunitatem
1085 2582 1118 2615 ei
1142 2583 1302 2616 daturum
1326 2588 1363 2616 et
1385 2594 1528 2627 regnum
1547 2582 1750 2617 inviolatum

267 2629 482 2662 relicturum.
516 2629 653 2662 interea
680 2628 882 2662 aedificatas
906 2629 1119 2673 Cleopatrae
1140 2628 1175 2662 in
1200 2628 1278 2662 sinu
1302 2628 1455 2662 Arabico
1478 2639 1587 2663 naves
1612 2628 1750 2662 Arabes

268 2678 531 2716 cremaverunt,
575 2673 703 2708 auxilia
737 2674 858 2718 populi
895 2674 1132 2718 dynastaeque
1168 2685 1286 2707 omnes
1321 2679 1555 2719 negaverunt.
1601 2680 1748 2719 accepto

268 2720 433 2754 Caesaris
456 2730 625 2764 responso
649 2720 764 2754 denuo
789 2721 924 2764 legatos
949 2720 1136 2754 miserunt:
1173 2720 1364 2765 Cleopatra
1386 2731 1543 2764 magnam
1567 2720 1748 2764 pecuniam

266 2765 451 2812 pollicens,
476 2766 648 2801 Antonius
671 2765 892 2811 cognationis
916 2771 952 2801 et
975 2765 1147 2801 amicitiae
1172 2776 1247 2800 eum
1271 2766 1603 2810 commonefaciens,
1640 2776 1749 2811 seque
