1820 3120
277 97 381 145 464
755 61 984 140 IOANNIS
1013 93 1277 139 zoNAR-AE

277 228 319 254 τε
342 211 408 253 καὶ
430 207 502 250 ὕπ’
524 206 678 250 Ἀννίου
703 209 960 260 Βινικιανοῧ,
995 206 1040 258 ὃς
1063 207 1173 263 πρὸς,
1191 204 1371 265 Φούριον
1393 205 1607 278 Κάμριλλον
1629 210 1755 267 Σκρι-

275 277 578 333 βωνιανὸν.τῆς
612 276 857 331 Δαλματίας
892 275 1071 333 ἄρχοντα
1103 275 1260 331 ἔπεμψε
1293 279 1362 318 καὶ
1395 276 1597 322 ἀνέπεισεν
1628 277 1754 321 acran·

276 348 561 400 ἐπαναστῆναι.
631 349 713 387 τῶν
743 345 787 387 δὲ
817 348 1077 400 στρατιωτῶν
1100 344 1159 399 μὴ
1183 345 1430 387 πεισθέντων
1459 343 1594 404 αὐτῷ,
1627 346 1752 397 αὐτὸς
1793 354 1798 362 “

276 415 350 469 μὲν
374 413 598 455 ἀπέκτεινεν
621 410 778 464 ἔαυτόν,
814 411 1022 463 Κλαύδιος
1053 413 1098 455 δὲ
1129 414 1259 455 καίτοι
1293 411 1399 455 πάνυ
1433 414 1674 466 καταδείσας
1695 412 1753 465 ὧς

225 489 256 523 O
281 480 450 536 ἑτοίμως
484 481 585 536 ἔχειν
617 482 804 535 ἐκστῆναι
841 482 954 538 αὐτῷ
984 485 1058 524 τοῦ
1079 480 1253 538 κράτους
1276 480 1515 537 ἐθελοντής,
1548 480 1661 537 ὅμως
1681 482 1786 528 τόνὸ

275 549 459 592 θάνατον
490 550 616 592 αὐτοῦ
648 549 800 603 μαθὼν
835 547 1116 605 ἀνεθάρσησε,
1161 551 1230 592 καὶ
1253 549 1374 600 τοὺς·
1393 551 1474 604 μὲν
1503 549 1754 608 &elamitae

277 618 417 668 ἄλλοις
438 618 483 661 τέ
501 635 581 661 τισι
605 620 671 659 καὶ
692 616 900 672 χρήμασιν
926 618 1219 673 ἄντημείψατο,
1254 618 1349 668 τοὺς
1375 619 1419 661 δὲ
1442 617 1754 674 συνεπιβουλεύ-

277 703 428 736 σαντας
453 685 664 740 ἀνεζήτησε
689 688 754 727 καὶ
780 688 990 736 πλείστους
1013 685 1192 729 ἐκόλασε.
1250 688 1390 740 συχνοὶ
1415 688 1459 730 δὲ
1481 686 1597 730 ἄλλοι
1619 704 1661 730 τε
1685 688 1755 730 καὶ

276 753 298 797 ὅ
324 754 554 804 Βινικιανὸς
577 757 861 810 διεχειρίσαντο
887 753 1067 805 ἑαυτούς.
1124 753 1149 810 ἦ
1173 755 1251 811 γὰρ
1277 757 1523 798 Μεσσαλίνα
1544 757 1612 799 καὶ
1634 753 1657 798 ὅ
1680 759 1755 798 τοῦ

277 824 487 866 Κλαυδίου
520 822 790 878 ἀπελεύθερος
821 822 1058 879 Νάρκισσος
1093 824 1134 865 οῗ
1163 841 1204 866 τε
1237 822 1590 882 συναπελείθεροι·
1611 823 1751 877 αῧτοῦ,
1763 830 1809 866 10

275 895 348 944 τῆς
384 891 577 949 ἀφορμῆς
612 891 762 946 ταύτης
799 891 1016 946 λαβόμενοι
1027 923 1039 943 ,
1084 892 1247 942 οὐδενὸς
1281 897 1361 935 τῶν
1397 891 1637 936 δεινοτάτων
1671 892 1754 935 ἀπ-

278 960 455 1013 έσχοντο.
525 959 670 1015 ἄνδρες
694 977 735 1002 τε
759 954 830 1002 οὗν
854 963 995 1002 πολλοὶ
1020 962 1084 1002 καὶ
1108 967 1292 1016 γυναῖκες
1315 960 1622 1016 ἐκολάσθησαν·
1651 961 1754 1012 τινὲς

279 1028 322 1070 δὲ
345 1030 411 1070 καὶ
435 1031 515 1070 τῶν
539 1026 645 1069 πάνυ
667 1026 864 1071 ὑπαιτίων
888 1028 1118 1083 ἐσώθησαν,
1143 1029 1181 1070 οἶ
1203 1029 1277 1083 μὲν
1295 1027 1507 1084 χρήμασιν
1525 1028 1621 1072 ἔνιοι
1645 1030 1692 1072 δέ
1709 1045 1754 1086 γε

276 1098 343 1138 καὶ
363 1095 518 1153 χάρισι.
589 1098 629 1137 Γ
627 1101 795 1147 αλαΐσος
829 1097 874 1138 δέ
904 1114 964 1147 τις
995 1095 1266 1154 ἀπελεύθερος
1297 1099 1609 1152 τοῦΚαμίλλου
1631 1100 1673 1141 ἓν
1694 1101 1754 1156 τῷ

274 1165 550 1221 βουλευτηρίῳ
581 1169 655 1207 τοῦ
676 1166 914 1220 Ναρκίσσου
939 1165 1216 1221 παρελθόντος
1239 1168 1293 1215 εἷς
1312 1165 1361 1227 τὸ
1383 1166 1597 1221 με’σονκαὶ
1620 1163 1752 1209 εἶπόν·
1762 1171 1809 1207 15

224 1243 258 1278 D
284 1250 353 1283 τος
376 1233 485 1291 αὐτῷ
515 1230 589 1275 “u'
618 1232 668 1275 ἄν
700 1234 892 1288 ἐποίησας
915 1236 956 1274 Γ
954 1238 1093 1276 αλαΐσε
1126 1236 1160 1276 εἷ
1182 1233 1397 1288 Κάμιλλος
1424 1233 1754 1292 ἓμονάρχησεν,·”

278 1301 517 1358 ἀπεκρίνατο
543 1299 603 1344 ὅτι
621 1299 844 1356 ((εἶστήκειν
869 1301 917 1344 ἂν
941 1301 1113 1344 ὄπισθεν
1137 1303 1261 1345 αὐτοῦ
1285 1305 1352 1344 καὶ
1377 1301 1596 1346 ἐσιώπων.”
1657 1302 1755 1360 ’Ἀρ-

279 1387 367 1427 ρεια
391 1370 436 1411 δὲ
458 1369 558 1425 γυνὴ
582 1371 777 1412 Καικίνου
800 1369 957 1413 ὑπάτου
981 1366 1106 1421 οὖσα,
1142 1373 1177 1413 εἶ
1208 1373 1275 1413 καὶ
1307 1377 1359 1428 τῇ
1381 1372 1624 1429 Μεσσαλίνῃ
1647 1370 1756 1429 σφό-

281 1439 359 1495 δρα
383 1438 571 1495 ᾠκείωτο,
615 1438 686 1480 οὐκ
710 1438 846 1494 ἤνεγκε
872 1441 941 1493 ζῆν
967 1444 1038 1480 τοῦ
1063 1439 1211 1495 ἀνδρὸς
1233 1438 1508 1492 θνήσκοντος,
1547 1441 1652 1483 ἀλλὰ
1685 1441 1755 1483 καὶ

275 1506 347 1548 τὸν
370 1505 501 1562 ἄνδρα
525 1506 814 1550 ἀποδειλιῶντα
839 1508 1052 1563 ἔπε’ρρωσε.
1124 1507 1169 1549 τὸ
1199 1507 1277 1562 γὰρ
1308 1509 1425 1565 ξίφος
1446 1512 1633 1562 λαβοῦσα
1655 1506 1810 1550 «ξαν-20

277 1574 351 1630 τὴν
385 1573 526 1630 ἔπληξε
558 1574 727 1634 κάκείνῳ
761 1575 956 1618 ἐπέδωκεν
990 1576 1159 1618 εἰποῦσα
1187 1573 1308 1619 “zoob
1340 1583 1454 1629 παΐε,
1488 1577 1562 1620 οὐκ
1593 1576 1750 1634 cii-yffi?

370 1715 392 1750 1
413 1711 622 1760 “legendum
645 1714 787 1750 videtur
808 1711 1084 1760 μινουκιανοῦ”
1107 1716 1309 1754 ΝΟΜ-ωε.
1350 1712 1595 1753 “Βινικιοινοῦ
1616 1717 1754 1754 codices

368 1756 474 1796 mssff'
494 1761 729 1796 Duum-rins.
822 1758 1004 1805 φρούριον
1028 1762 1132 1796 ABG.
1231 1763 1270 1796 ll
1296 1759 1442 1808 ταύτην
1458 1764 1503 1800 Α.
1536 1762 1539 1765 ’
1598 1765 1644 1800 14
1666 1765 1752 1808 γαλ-

368 1808 496 1846 λαῖσος
520 1807 563 1840 Α.
658 1806 848 1850 Καμίλλου
872 1808 1078 1850 etiam'Dio‚
1103 1807 1272 1853 Σαβίνου
1297 1809 1421 1843 Dionis
1446 1809 1535 1844 Exc.
1557 1810 1675 1846 Vatic.
1691 1810 1753 1848 89.

370 1851 414 1887 17
433 1849 553 1896 Ἀρρία
577 1852 656 1894 Dio,
679 1850 823 1897 Ἀριάμη
850 1853 970 1886 Dionis
995 1854 1083 1888 Exc.
1110 1854 1225 1889 Vatic.
1252 1855 1309 1890 89.
1450 1855 1496 1891 18
1516 1853 1688 1890 καικίνου
1710 1856 1752 1900 Β,

368 1899 576 1932 Καικίννου
602 1898 691 1932 PW.
853 1895 1000 1932 ὑπάτου
1023 1900 1125 1934 etiam
1149 1900 1273 1935 Dionis
1297 1901 1459 1937 codices:
1493 1912 1563 1938 scr.
1591 1901 1751 1937 Παίων.

369 1945 415 1979 21
440 1947 517 1978 παῖ
533 1954 550 1977 ε
572 1943 616 1988 A,
639 1946 715 1978 παῖ
732 1944 853 1979 Dionis
878 1946 1038 1980 codices:
1065 1957 1133 1981 scr.
1159 1947 1290 1981 Παῖτε.

277 2069 369 2111 rent,
394 2078 468 2102 cum
493 2067 537 2101 ab
563 2067 642 2103 aliis
667 2072 736 2103 tum
762 2069 806 2103 ab
830 2068 942 2103 Annio
967 2069 1152 2104 Viniciano
1175 2070 1324 2105 insidiae
1347 2071 1380 2105 ei
1402 2074 1624 2118 comparatae
1649 2075 1754 2106 suut:

275 2114 336 2159 qui
370 2113 481 2148 Furio
516 2114 661 2148 Camillo
695 2115 926 2149 Scriboniano
961 2116 1158 2150 Dalmatiae
1187 2118 1366 2163 praesecto
1397 2124 1522 2151 auctor
1544 2117 1752 2152 defectionis

275 2159 358 2194 fuit.
398 2159 460 2193 sed
483 2159 514 2193 is
538 2171 613 2193 cum
639 2160 763 2194 milites
788 2161 882 2195 dicto
909 2162 1092 2196 audientes
1116 2174 1184 2195 non
1209 2163 1368 2205 liaberet,
1392 2163 1530 2208 seipse
1551 2163 1751 2207 interfecit:

276 2205 444 2240 Claudius
469 2217 556 2240 vero
581 2218 776 2251 quanquam
799 2207 849 2241 ita
871 2209 1016 2242 territus
1042 2215 1079 2241 ut
1105 2208 1194 2242 ultro
1218 2209 1268 2242 illi
1292 2209 1418 2243 cedere
1445 2208 1588 2251 imperio
1611 2210 1648 2243 in
1673 2209 1752 2243 ani·
1803 2222 1806 2225 ·

274 2263 329 2285 mo
354 2250 521 2295 haberet,
556 2251 647 2286 illius
672 2252 817 2287 interitu
841 2254 981 2298 cognito
1006 2254 1141 2299 recepit
1168 2255 1335 2296 animum,
1370 2260 1406 2288 et
1429 2255 1556 2289 milites
1578 2260 1649 2288 tum
1673 2254 1751 2288 aliis

273 2298 380 2331 rebus
404 2301 477 2331 tum
501 2299 648 2343 pecunia
682 2305 944 2341 remuneratus,
983 2300 1203 2334 insidiatores
1234 2311 1335 2345 quam
1369 2300 1534 2345 plurimos
1565 2300 1750 2346 indagatos

275 2342 456 2388 suppliciis
483 2344 614 2377 affecit.
662 2344 864 2379 Vinicianus
897 2350 931 2378 et
962 2346 1021 2379 alii
1055 2346 1246 2391 complures
1274 2345 1344 2392 ipsi
1374 2357 1493 2380 manus
1522 2346 1597 2381 sibi
1622 2346 1752 2381 attule-

275 2395 369 2423 runt.
418 2399 495 2424 nam
521 2389 710 2424 Messalina
736 2396 772 2424 et
795 2391 983 2425 Narcissus
1007 2403 1075 2425 una
1099 2403 1174 2425 cum
1196 2390 1278 2424 aliis
1300 2391 1373 2425 eius
1403 2391 1538 2427 libertis
1561 2403 1636 2426 eam
1659 2392 1752 2426 nacti

276 2434 494 2469 occasionem
519 2435 611 2469 nullo
634 2447 786 2470 summae
808 2437 1024 2471 crudelitatis
1047 2449 1180 2483 genere
1197 2436 1451 2474 abstinuerunt.
1479 2438 1599 2483 itaque
1622 2443 1658 2472 et
1682 2437 1751 2472 viri
1808 2438 1812 2441 ’

276 2484 313 2514 et
339 2481 499 2514 mulieres
525 2480 620 2515 multi
654 2482 768 2525 caesi,
805 2482 942 2528 quidam
968 2483 1070 2517 etiam
1097 2494 1139 2517 ex
1163 2483 1419 2517 nocentissimis
1444 2484 1499 2518 vel
1523 2485 1671 2529 pecunia
1693 2483 1752 2519 vel

275 2526 390 2570 gratia
413 2526 576 2561 absoluti.
624 2527 794 2562 Galaesus
824 2541 910 2563 vero
934 2528 1070 2562 Camilli
1100 2529 1244 2562 libertus
1277 2540 1298 2562 a
1321 2529 1488 2564 Narcisso
1511 2530 1548 2564 in
1572 2529 1668 2564 curia
1692 2540 1752 2563 ro-

277 2576 379 2616 gatus
405 2572 487 2616 quid
511 2574 669 2607 facturus
695 2574 815 2608 fuisset
841 2574 871 2608 si
895 2575 1059 2609 Camillus
1084 2574 1197 2608 factus
1221 2580 1315 2608 esset
1339 2574 1545 2619 imperator,
1569 2574 1750 2620 respondit

277 2628 315 2650 se
339 2617 483 2651 tacitum
508 2630 528 2652 a
553 2623 654 2663 tergo
679 2620 754 2653 eius
778 2626 948 2654 staturum
974 2621 1095 2654 fuisse.
1118 2620 1221 2654 Arria
1245 2620 1421 2655 Caecinae
1444 2621 1592 2655 consulis
1617 2620 1748 2665 [Paeti]

276 2673 388 2705 uxor,
423 2663 633 2699 Messalinae
657 2665 836 2700 admodum
862 2666 1057 2709 familiaris,
1089 2666 1214 2699 marito
1247 2672 1426 2711 superstes
1457 2679 1533 2702 esse
1558 2666 1749 2710 recusavit,

277 2719 420 2752 eumque
444 2716 585 2744 mortem
611 2711 891 2746 reformidantem
917 2711 1153 2754 confirmavit,
1187 2713 1305 2746 eodem
1336 2712 1451 2757 gladio
1484 2723 1552 2758 quo
1575 2724 1614 2747 se
1636 2713 1648 2746 i
1674 2723 1748 2746 sam
1818 2737 1820 2758 3

275 2759 498 2798 percusserat
521 2756 570 2789 illi
594 2763 777 2802 porrecto,
812 2758 972 2803 dixitque
1001 2753 1108 2792 “ecce
1131 2757 1199 2793 feri
1223 2758 1383 2804 [Paete],
1418 2770 1482 2804 ego
1510 2769 1579 2794 non
1600 2758 1651 2793 'do
1666 2752 1752 2792 eo.’'
1794 2760 1798 2783 -ῑ
