1820 3120
207 160 210 161 ⁷
224 105 328 155 618
706 103 936 148 IOANNIS
966 103 1228 154 ZONARAE

223 220 322 271 τούς
346 219 476 270 ἀξίαις
501 215 527 272 ἢ
551 217 780 274 στρατείαις
801 217 1126 273 κατειλεγμένους
1149 217 1303 271 ἀτίμως
1326 216 1614 268 ἐξελαύνεσθαι
1636 221 1705 263 καὶ

224 294 297 344 τῆς
332 288 447 339 ἀξίας
481 287 549 329 καὶ
586 290 660 342 τῆς
695 287 930 342 στρατείας,
976 285 1072 337 τοὺς
1108 286 1152 329 δὲ
1187 284 1312 341 τύχης
1347 284 1706 339 ἰδιώτιδος-,ὄντας

225 359 494 400 δουλοῦσθαι.
1642 403 1645 406 ,

353 423 465 478 ’Ήδη
503 422 546 464 δὲ
583 420 762 464 εἶκοστόν
796 419 1020 471 ἀνύσαντος
1047 420 1228 464 ἐνιαυτὸν
1260 421 1559 477 Διοκλητιανοῦ
1590 422 1703 480 καρὰ

226 497 275 550 τῇ
308 491 437 550 ἀρχῇ,
481 491 524 533 ἐκ
560 488 786 548 συμφώνου
823 489 951 547 ἄμφω
986 489 1043 533 τὼ
1080 487 1354 548 αὐτοκράτορε
1388 489 1463 546 τὴν
1495 491 1739 544 βασιλείανῖ»

177 573 207 606 C
231 561 446 613 ἀπέθεντο,
481 560 659 618 δημοσίᾳ
687 560 761 613 μὲν
792 559 862 602 τὸν
893 557 1014 613 ὄχλον
1047 562 1127 602 τῶν
1161 557 1411 616 πραγμάτων
1433 556 1708 612 ἅποσκευᾶζε·

227 634 332 674 σθαι
364 630 563 685 λέγοντες·
600 625 661 679 οἷς
692 628 737 671 δὲ
769 628 822 670 τὰ
853 633 926 683 τῆς
955 628 1127 684 καρδίας
1155 625 1420 678 ἐξεκάλυπτον
1450 626 1632 687 κρύφια,
1663 628 1706 681 ἐξ

227 699 422 749 ἀπονοίας
454 695 689 753 ὡμολόγουν
723 696 1001 740 ἀποτίθεσθαι
1036 695 1110 751 τὴν
1145 694 1287 754 ἀρχήν,
1321 695 1383 739 ὅτι
1414 696 1476 752 μὴ
1507 695 1707 754 περιγενέ-

228 771 332 810 σθαι
363 770 610 823 χριστιανιῦν
646 764 915 821 ἠδυνήθησαν
949 764 1052 820 μηδ’
1091 765 1317 819 ἀποσβέσαι
1346 764 1392 808 τὸ
1423 763 1708 823 χριστῶνυμον

228 835 441 893 κήρυγμα,
473 835 580 890 μηδὲ
603 838 674 889 τῆς
694 835 903 888 βασιλείας
925 832 1143 877 ἀπολαύειν
1165 831 1412 891 αἱρούμενοι.
1458 833 1705 890 ἀποθέμενοι
1717 839 1764 877 10

230 905 275 947 δὲ
308 904 382 959 τὴν
414 903 544 960 ἀρχὴν
574 903 679 945 κατὰ
713 902 787 958 τὴν
819 903 946 958 αὐτὴν
977 901 1134 959 ἡμέραν
1168 904 1211 946 ἐκ
1235 901 1504 958 συνθήματος
1525 900 1548 946 ὅ
1569 903 1644 958 μὲν
1665 903 1708 947 ἐν
1760 950 1775 954 ,

229 974 482 1033 Νικομηὸεία
515 971 536 1014 ὃ
571 973 615 1015 δὲ
645 971 911 1027 Μαξιμιανός
933 973 974 1014 ἐν
997 969 1268 1029 Μεδιολάνῳ,
1303 974 1370 1015 καὶ
1392 969 1708 1034 ἰδιωτεύσαντες,

230 1040 525 1096 Λιοκλητιανός
553 1041 628 1095 μὲν
661 1042 702 1083 ἐν
726 1039 887 1084 Σόλωνι
918 1038 1030 1083 πόλει
1062 1043 1135 1095 τῆς
1156 1039 1402 1095 Δαλματίας
1433 1042 1582 1096 διῆγεν,
1618 1040 1709 1096 ἥτις

229 1105 280 1164 ἦν
304 1110 431 1153 αὐτοῦ
453 1112 520 1152 καὶ
544 1111 711 1166 πατρίς,
747 1107 768 1151 ὃ
793 1109 836 1151 δ’
857 1108 1090 1167 Ἑρκούλιος
1114 1109 1154 1151 ἕν
1175 1110 1408 1169 Λουκανίᾳ.
1464 1109 1543 1165 πρὸ
1568 1109 1614 1152 δὲ
1636 1113 1710 1166 τῆς

230 1179 468 1229 ἀποθέσεως
501 1183 573 1233 τῆς
606 1179 735 1235 ἀρχῆς
758 1179 828 1221 τὸν
851 1180 914 1221 ἐπὶ
938 1183 988 1236 τῇ
1011 1179 1098 1234 νίκῃ
1121 1182 1202 1220 τῶν
1223 1180 1399 1235 Περσῶν
1421 1175 1709 1229 ἐπανελθόντες
1718 1182 1764 1219 15

231 1249 272 1290 ἓν
290 1246 426 1304 Ῥώμῃ
451 1245 679 1303 κατήγαγον
701 1249 924 1303 θρίαμβον,
960 1248 1002 1289 ἓν
1026 1240 1058 1305 ᾧ
1082 1244 1154 1297 τάς
1178 1263 1220 1289 τε
1243 1251 1318 1290 τοῦ
1339 1250 1512 1303 Ναρσοῦ
1534 1247 1713 1304 γαμετὰς

177 1324 209 1358 D
235 1318 302 1359 καὶ
326 1316 377 1359 τὰ
400 1317 518 1359 τέκνα
541 1318 608 1358 καὶ
631 1315 704 1368 τὰς
726 1314 952 1371 ὁμαίμονας
973 1313 1292 1372 ἕθριάμβευσαν,
1317 1317 1384 1358 καὶ
1407 1315 1610 1373 ἀρχηγοὺς
1627 1314 1713 1360 ἑτέ-

234 1403 315 1444 ρων
340 1387 487 1436 ἐθνῶν,
517 1386 583 1427 καὶ
605 1384 676 1427 τὸν
698 1389 873 1427 πλοῦτον
897 1384 992 1428 ὅσον
1015 1385 1058 1426 ἐκ
1076 1386 1252 1442 Περσῶν
1275 1386 1499 1439 ἐληίσαντο.

15 1455 60 1490 W
82 1455 119 1490 ῙῙ
142 1450 217 1490 245
365 1453 478 1496 Ἀλλ’
512 1455 693 1497 ἐνταῦθα
729 1455 965 1508 δηλωθῆναι
993 1452 1131 1505 καλόν,
1174 1452 1275 1495 ὅθεν
1311 1453 1358 1496 τὸ
1394 1457 1468 1496 τοῦ
1497 1450 1712 1510 θριάμβου

233 1523 458 1576 ἓξείληπται
491 1521 633 1576 ὄνομα.
705 1524 829 1579 φασὶν
853 1517 923 1565 οὖν
946 1525 1150 1577 κληθῆναι
1171 1526 1314 1565 τοῦτον
1336 1523 1380 1564 ἐκ
1403 1526 1484 1565 τῶν
1505 1522 1652 1579 θρίων,
1682 1519 1768 1565 ἅ20

234 1593 317 1634 ἐστι
341 1591 393 1634 τὰ
416 1595 488 1646 τῆς
511 1595 637 1653 συκῆς
660 1590 809 1647 φύλλα.
860 1591 939 1647 πρὸ
963 1591 1042 1648 γὰρ
1065 1594 1139 1633 τοῦ
1160 1589 1210 1634 τὰ
1234 1596 1467 1647 προσωπεῖα
1491 1591 1711 1646 ἐπινοηθῆ-

232 1678 298 1702 ναι
323 1666 407 1710 τοῖς
429 1666 653 1715 σκηνικοῖς,
689 1664 818 1715 συκῆς
845 1658 1015 1717 φύλλοις
1036 1659 1087 1703 τὰ
1113 1657 1267 1703 ἑαυτῶν
1289 1658 1557 1710 καλύπτοντες
1581 1657 1711 1718 πρόσω

325 1768 349 1803 4
373 1764 618 1807 διανύσαντος
640 1768 684 1802 Α.
791 1762 965 1801 ἐνιαυτὸν
989 1778 1044 1800 om
1066 1766 1110 1801 A.
1219 1767 1265 1802 10
1291 1763 1497 1813 ἀπολάβειν
1519 1767 1587 1812 τῆς
1609 1766 1711 1814 βασι-

326 1813 427 1853 λείας
442 1814 484 1848 Β.
582 1814 625 1849 15
650 1808 718 1847 τὸν
740 1810 801 1847 ἐπὶ
819 1813 861 1856 C,
885 1813 959 1847 τῶν
975 1807 1036 1847 ἐπὶ
1051 1813 1142 1847 PW.
1238 1812 1282 1848 18
1304 1808 1395 1847 ὅσον
1409 1813 1486 1858 Ac,
1509 1809 1606 1848 ὅσων
1621 1814 1710 1848 PW.

328 1858 372 1893 19
403 1856 495 1893 Ἀλλ’
527 1853 718 1904 ἐνταῦθα]
752 1860 799 1894 cf.
833 1860 877 1893 de
908 1859 1084 1904 triumpho
1116 1871 1150 1903 p.
1177 1858 1222 1895 76
1246 1871 1282 1894 v.
1307 1858 1365 1894 19.
1551 1855 1646 1895 ὅθεν
1667 1859 1714 1904 Α,

327 1900 423 1940 ὅθεν
446 1903 511 1939 καὶ
533 1905 624 1940 PW.
832 1906 879 1939 20
903 1902 944 1939 ἐκ
967 1906 1041 1939 τῶν
1061 1904 1196 1950 θρίων]
1229 1905 1349 1941 eadem
1382 1905 1488 1940 habet
1517 1905 1647 1941 Suidas
1675 1906 1714 1940 in

327 1950 534 1997 θρίαμβος,
568 1953 679 1997 usque
707 1951 754 1986 ad
777 1947 1023 1986 ἀπέσκωπτον
1046 1963 1081 1996 p.
1106 1951 1176 1987 619
1208 1961 1244 1986 ν.
1267 1950 1302 1989 3.
1352 1951 1398 1986 cf.
1434 1951 1589 1987 Cedreni
1619 1952 1667 1987 T.
1691 1952 1711 1986 1

328 2009 364 2044 p.
390 1997 460 2032 470
483 1998 539 2033 ed.
563 1998 675 2032 Bonn.
816 1998 860 2031 22
885 1997 951 2042 τῆς
976 1997 1151 2042 σκηνικῆς
1172 1998 1216 2031 A.

236 2087 302 2124 diti
325 2091 388 2123 aut
409 2088 445 2123 in
467 2088 627 2123 militiam
649 2088 821 2134 adscripti
843 2093 973 2133 essent,
997 2088 1228 2134 ignominiose
1245 2088 1329 2124 eiici
1351 2092 1460 2134 atque
1480 2088 1715 2133 exauctorari,

235 2134 398 2182 privatae
423 2146 508 2169 vero
533 2136 749 2174 condicionis
772 2136 929 2170 homines
951 2135 987 2169 in
1010 2135 1217 2170 servitutem
1239 2134 1330 2181 rapi.

376 2181 557 2226 Vigesimo
593 2193 683 2215 anno
706 2182 843 2226 imperii
865 2181 1079 2217 Diocletiani
1103 2186 1227 2216 exacto
1252 2181 1351 2215 ambo
1375 2180 1606 2226 imperatores
1629 2191 1715 2215 con-

235 2227 468 2264 sentientibus
503 2227 627 2263 animis
661 2227 806 2273 imperio
841 2239 879 2262 sc
910 2227 1136 2271 abdicarunt,
1170 2226 1308 2273 publice
1337 2226 1542 2272 profitentes
1567 2238 1606 2261 se
1632 2226 1717 2261 moli

236 2273 457 2318 negotiorum
480 2275 718 2308 succumbere.
764 2274 827 2308 sed
851 2274 943 2319 apud
968 2285 1028 2308 eos
1042 2300 1052 2316 ‚
1080 2274 1206 2319 quibus
1231 2283 1359 2308 arcana
1379 2272 1436 2307 sui
1459 2272 1613 2317 pectoris
1635 2284 1714 2308 cre-

235 2320 387 2364 debant,
420 2320 456 2354 id
480 2331 524 2355 ex
547 2320 795 2365 desperatione
818 2321 937 2355 facere
962 2332 1000 2354 se
1024 2319 1248 2355 fatebanturz
1281 2319 1364 2364 quia
1395 2318 1487 2354 enim
1518 2330 1584 2355 nco
1613 2318 1716 2354 Chri-

235 2365 370 2403 stianos
395 2377 564 2411 superare
588 2377 653 2400 nec
677 2366 900 2411 praeconium
925 2365 1119 2401 Christiani
1146 2365 1292 2401 nominis
1314 2365 1538 2410 exstinguere
1562 2369 1717 2410 possent,

236 2424 276 2446 se
299 2423 364 2446 nec
389 2412 531 2457 imperio
555 2413 647 2446 velle
669 2412 752 2447 frui.
801 2423 875 2446 cum
900 2416 1016 2446 autem
1049 2413 1149 2447 ambo
1179 2411 1299 2449 eodem
1331 2411 1388 2445 die
1422 2410 1568 2456 imperio
1601 2422 1639 2446 se
1671 2422 1717 2447 ex

237 2458 428 2503 composito
453 2459 696 2501 abdicassent,
723 2458 963 2493 Diocletianus
985 2457 1231 2502 Nicomediae,
1256 2456 1489 2497 Maximianus
1514 2456 1717 2501 Mediolani,

235 2503 295 2538 ille
317 2504 455 2538 Salonis
479 2505 515 2538 in
540 2504 733 2549 Dalmatia,
770 2516 859 2550 quas
889 2505 1038 2549 patriam
1069 2505 1244 2547 habebat,
1277 2502 1335 2542 hic
1365 2502 1402 2537 in
1424 2502 1584 2538 Lucania
1607 2503 1717 2538 vitam

237 2550 323 2594 egit.
372 2551 470 2596 prius
503 2554 617 2585 tamen
653 2551 697 2585 de
731 2551 851 2585 Persis
885 2551 1018 2586 Romae
1052 2550 1326 2595 triumpharunt:
1367 2561 1436 2594 quo
1469 2549 1507 2583 in
1540 2549 1716 2594 triumpho
1763 2583 1771 2590 ,

237 2595 364 2629 Narsis
399 2607 526 2631 uxores
561 2597 691 2632 liberos
724 2600 760 2631 et
792 2607 930 2632 sorores
958 2597 1171 2642 aliarumque
1201 2595 1356 2641 gentium
1387 2596 1494 2631 duces
1527 2595 1716 2639 duxerunt,

236 2652 425 2687 omnesque
450 2642 591 2678 divitias
616 2654 660 2678 ex
682 2642 806 2678 Persia
829 2648 1047 2689 apportatas.

377 2689 455 2723 Hoc
479 2690 557 2724 loco
582 2689 673 2723 haud
697 2690 761 2724 abs
785 2701 824 2723 re
846 2689 954 2723 fuerit
977 2688 1151 2734 explicare
1174 2686 1266 2721 unde
1289 2685 1455 2732 triumphi
1478 2696 1600 2722 nomen
1623 2695 1717 2721 sum-

235 2737 333 2779 ptum
356 2734 415 2768 sit.
464 2746 506 2771 ac
529 2735 566 2769 id
589 2735 726 2780 quidem
749 2747 770 2770 a
793 2735 908 2779 thriis,
934 2746 1023 2780 quae
1046 2734 1174 2772 ficulna
1195 2732 1280 2766 folia
1303 2736 1397 2775 sunt,
1420 2732 1550 2769 factum
1576 2733 1714 2776 putant.
1812 2758 1820 2780 ⁴,

236 2779 441 2826 priusquam
466 2781 554 2816 enim
579 2792 748 2827 personas
772 2781 904 2817 scenici
926 2779 1196 2825 excogitassent,
1218 2778 1355 2814 ficulnis
1371 2777 1466 2814 foliis
1482 2776 1592 2813 facies
1606 2776 1718 2812 velati
1780 2810 1781 2814 ,
1809 2812 1820 2825 ⁴
