1820 3120
283 118 381 163 228
657 150 659 152 -
754 119 979 164 IOANNIS
1011 121 1269 164 ZONARAE

279 233 352 285 μὲν
391 227 634 286 ἀνθρώπους
670 229 823 284 πάντας
859 234 1102 284 ἀπέκτειναν,
1134 232 1222 287 ’τὴν
1259 233 1303 275 δὲ
1337 231 1452 276 πόλιν
1486 235 1739 292 κατέπρησαν

88 310 128 340 W
158 309 188 342 ΙΙ
215 308 257 344 91
285 298 459 340 ἅπασαν.
510 300 575 340 καὶ
598 303 654 356 τῷ
678 299 795 359 φόβῳ
807 300 947 359 τούτῳ
970 302 1110 343 πολλοὶ
1132 301 1205 354 μὲν
1227 299 1380 351 ἑκόντες
1403 301 1513 360 αὐτῷ
1533 303 1739 360 προσεχώ-

280 383 422 422 ρησαν,
458 367 596 408 πολλοὶ
628 367 672 409 δὲ
703 371 769 411 καὶ
801 371 872 429 βία
905 371 1153 426 κεχείρωντο·
1202 369 1304 419 τινὲς
1337 370 1381 411 δὲ
1410 370 1738 428 πολιορκούμενοι

278 432 351 483 τάς
381 451 422 476 τε
454 433 587 485 πόλεις
617 433 769 480 ἑαυτῶν
802 437 933 480 ἔκαιον
966 439 1033 480 καὶ
1065 437 1160 487 τοὺς
1183 435 1573 495 οῗκείουςὲφόνευον,
1605 441 1669 483 ἐπὶ
1693 440 1737 482 δὲ

277 501 432 552 τούτοις
454 504 520 544 καὶ
543 501 722 555 ἑαυτούς.
1256 552 1259 555 ,
1590 503 1592 506 ’
1746 515 1768 549 5

414 570 479 612 Τὰ
515 573 634 613 πλείω
669 574 712 615 δὲ
745 570 1126 628 καταστρεψάμενος
1158 569 1180 614 ὃ
1205 573 1380 615 Σκιπίων
1411 575 1466 624 εἷς
1488 572 1736 631 Καρχηδόνα

277 637 494 688 ἀνέζευξεν·
530 638 631 681 ἔνθα
664 645 722 699 τῷ
752 656 793 682 τε
828 642 948 695 πατρὶ
985 642 1051 682 καὶ
1087 644 1144 698 τῷ
1179 641 1280 697 θείῳ
1314 641 1548 698 ἐπιταφίους
1578 641 1736 698 ἀγῶνας

273 704 526 759 ὁπλομαχίας
549 705 678 749 ἔθετο.
747 705 810 750 ὅτε
842 710 982 749 πολλοὶ
1013 708 1086 761 μὲν
1116 709 1183 750 καὶ
1219 709 1344 766 ἕτεροι
1366 709 1610 765 ἠγωνίσαντο
1620 741 1633 761 ,
1668 711 1735 751 καὶ

275 773 443 829 ἀδελφοὶ
470 774 513 815 δὲ
537 773 610 816 δύο
634 777 722 830 περὶ
745 777 951 829 βασιλείας
975 767 1278 832 διαφερόμενοι,
1313 779 1440 821 καίτοι
1462 781 1536 821 τοῦ
1558 778 1734 821 Σκιπίω-

223 853 253 886 c
279 858 344 890 νος
379 841 624 892 συναλλάξαι
663 843 810 893 αὐτοὺς
847 844 1173 894 σπουδάσαντος·
1216 846 1282 886 καὶ
1314 843 1335 887 ὃ
1367 844 1636 904 πρεσβύτερος
1665 846 1735 889 τὸν
1747 857 1791 893 10

272 907 462 965 νεώτερον
485 912 614 952 καίτοι
639 910 894 968 ἰσχυρότερον
918 910 1013 954 ὄντα
1037 913 1271 956 ἀπέκτεινεν.

405 977 667 1033 Ἠρρώστησε
702 981 746 1021 δὲ
775 980 983 1033 μετέπειτα
1015 978 1035 1022 ὅ
1060 982 1250 1032 Σκιπίων,
1285 979 1512 1039 κάντοῦτῳ
1534 981 1735 1038 ἐνεωτέρι-

271 1062 346 1087 σαν
382 1045 418 1086 οἱ
443 1045 611 1103 Ἴβηρες.
683 1047 912 1103 στράτευμα
945 1049 1022 1104 γὰρ
1055 1052 1128 1091 τοῦ
1150 1050 1372 1099 Σκιπίωνος
1403 1050 1492 1104 περὶ
1516 1052 1736 1107 Σογκρῶνα

266 1111 458 1167 χειμάζον
483 1114 674 1169 ἐκινήθη,
710 1118 775 1157 καὶ
812 1115 949 1172 πρώην
984 1117 1056 1159 οὐκ
1081 1117 1264 1167 εὐπειθὲς
1286 1116 1345 1169 ὅν,
1381 1117 1428 1159 οὗ
1451 1117 1533 1173 μὴν
1556 1107 1735 1176 φανεράν

271 1182 520 1223 ἀποστασίαν
563 1182 881 1237 ἐπιδειξάμενον*
935 1184 1023 1227 τότε
1065 1186 1106 1226 δ’
1147 1183 1393 1239 αἰσθόμενον
1426 1186 1496 1228 τὸν
1530 1187 1788 1230 Σκιπίωνα15
1811 1183 1820 1193 ”

271 1248 496 1302 κάμνοντα,
533 1252 612 1293 ἐπεὶ
645 1254 711 1293 καὶ
735 1251 759 1307 ἦ
783 1254 1023 1309 μισθοφορὰ
1049 1253 1185 1303 αὐτοῖς
1207 1251 1466 1311 ἓβραδύνθη,
1501 1253 1735 1312 ἀναφανδὸν

270 1317 512 1372 ἀπέστησαν,
545 1322 610 1361 καὶ
637 1320 730 1369 τούς
747 1320 984 1376 χιλιάρχους
1008 1326 1123 1377 σφῶν
1147 1321 1419 1372 ἀπελάσαντες
1438 1320 1617 1372 ὑπάτους
1638 1321 1734 1365 ἔαυ-

269 1392 352 1434 τοΐς
388 1386 774 1443 κεχειροτονήκασιν·
811 1384 913 1442 ἦσαν
947 1390 991 1431 δὲ
1025 1387 1080 1438 ὡς
1110 1390 1408 1443 ὀκτακισχίλιοι.
1473 1388 1628 1446 γνόντες
1663 1385 1734 1433 οὖν

269 1458 397 1494 ταῦτα
433 1454 469 1496 οἱ
496 1454 654 1512 Ἴβηρες
688 1456 907 1512 ἀφίσταντο
941 1455 1256 1514 προχειρότερον,
1291 1460 1358 1500 καὶ
1391 1456 1463 1512 τὴν
1495 1460 1733 1513 συμμαχίδα

215 1525 247 1560 D
271 1526 351 1562 τῶν
376 1519 584 1575 Ῥωμαίων
616 1522 796 1566 ἐκάκουν.
864 1527 930 1566 καὶ
954 1523 975 1567 ὅ
1000 1526 1163 1581 Μαγὼν
1186 1527 1354 1568 ἐκλιπεῖν
1376 1525 1455 1580 ἤδη
1480 1526 1531 1568 τὰ
1553 1528 1594 1567 Γ
1590 1525 1787 1583 άδειρα20

267 1592 486 1643 βουληθεὶς
526 1591 615 1634 οὔτ’
658 1593 806 1643 ἐξέλιπε
849 1595 914 1635 καὶ
956 1595 1011 1644 εἷς
1045 1594 1116 1648 τὴν
1150 1593 1314 1651 ’ἶίπειρον
1350 1595 1567 1648 διαβαίνων
1602 1595 1732 1637 πολλὰ

268 1657 510 1714 ἐκακούργει.

362 1813 380 1845 1
406 1807 633 1854 κατέπρησεν
657 1811 701 1846 C.
807 1812 829 1846 6
853 1812 1104 1856 καρχηδονίαν
1124 1813 1166 1847 A.
1234 1807 1236 1809 ¹
1274 1812 1318 1847 13
1343 1808 1382 1847 οἳ
1402 1812 1470 1848 add
1491 1813 1534 1848 Α.
1623 1823 1731 1858 σογη-

361 1856 459 1899 ρῶνα
485 1856 532 1890 B:
561 1858 752 1890 Sucronem
771 1857 905 1892 Livius.
998 1857 1041 1893 17
1068 1853 1222 1898 ἓαυτώς
1243 1858 1287 1892 C.
1381 1858 1425 1894 19
1448 1855 1670 1903 ἀφίστανται
1689 1860 1729 1893 Β.

269 1991 461 2025 subierunt.
510 1994 546 2023 et
568 1990 669 2035 potiti
693 1991 861 2035 victoria,
898 1992 1091 2028 hominibus
1115 1994 1270 2029 omnibus
1295 1994 1436 2039 occisis,
1472 1998 1580 2030 totam
1609 1995 1730 2029 urbem

268 2037 509 2071 incenderunt.
558 2048 626 2080 qua
658 2049 696 2070 re
730 2039 845 2072 territi
876 2039 970 2072 multi
1002 2040 1092 2074 ultro
1125 2041 1336 2074 deditionem
1356 2042 1540 2083 fecerunt,
1572 2041 1669 2074 multi
1693 2041 1730 2075 vi

270 2083 406 2117 subacti
431 2086 529 2159 stlmt,
563 2082 676 2127 multi,
706 2095 778 2117 cum
804 2084 1065 2130 obsiderentur,
1099 2087 1201 2120 urbes
1226 2092 1441 2131 cremarunt,
1468 2086 1671 2132 semetipsos
1695 2091 1731 2120 et

267 2140 348 2163 suos
374 2128 409 2161 iu
436 2138 455 2160 u
471 2132 585 2161 arunt.
1352 2142 1359 2150 ‘

404 2139 554 2205 &mxima
578 2179 676 2218 parte
700 2174 893 2219 Hispaniae
926 2176 1070 2210 subacta
1094 2176 1215 2221 Scipio
1240 2176 1483 2220 Carthaginem
1512 2177 1635 2211 rediit:
1669 2177 1731 2211 ubi

266 2219 302 2252 in
336 2219 499 2252 honorem
529 2219 637 2263 patris
671 2225 706 2254 et
735 2221 853 2265 patrui
877 2221 1039 2255 funebres
1066 2221 1225 2256 ludos‘in
1248 2222 1352 2256 armis
1375 2222 1492 2256 edidit.
1545 2223 1582 2256 in
1602 2222 1730 2267 quibus

265 2269 407 2309 praeter
431 2264 518 2297 alios
543 2265 609 2298 duo
635 2266 762 2299 fratres
788 2266 830 2300 de
854 2278 962 2311 regno
986 2267 1076 2300 inter
1099 2279 1176 2302 sese
1200 2262 1464 2311 dontendentes,
1486 2268 1729 2314 pacificatione

266 2311 398 2344 frustra
423 2321 444 2343 a
469 2310 636 2354 Scipione
660 2316 816 2356 tentata,
850 2313 1095 2354 decertarunt3
1132 2319 1167 2347 et
1191 2313 1299 2348 maior
1320 2318 1403 2348 natu
1429 2313 1612 2358 minorem,
1647 2314 1733 2348 licet

267 2356 481 2397 validiorem,
509 2355 698 2392 interfecit.

403 2401 530 2434 Postea
555 2402 718 2446 Scipione
743 2409 946 2447 aegrotante
968 2403 1116 2448 Hispani
1139 2415 1196 2437 res
1230 2414 1339 2438 novas
1374 2403 1483 2438 moliti
1515 2409 1609 2440 sunt.
1655 2415 1731 2438 nam

269 2446 442 2480 exercitus
467 2446 665 2490 Scipionis,
700 2448 758 2492 qui
783 2448 876 2482 circa
899 2449 1109 2483 Soncronem
1135 2448 1358 2492 hibernabat,
1395 2461 1433 2483 se
1465 2449 1671 2485 commovit:
1694 2455 1731 2484 et

267 2503 342 2525 cum
365 2492 461 2536 prius
487 2492 589 2525 etiam
614 2505 735 2537 parum
760 2494 854 2527 dicto
880 2494 1024 2528 audiens
1049 2498 1151 2538 esset,
1179 2506 1242 2528 nec
1258 2500 1372 2528 tamen
1387 2495 1611 2529 defectionem
1627 2495 1731 2539 plane

265 2548 350 2580 prae
375 2549 414 2570 se
438 2538 567 2581 ferret,
592 2545 664 2572 tum
690 2540 829 2582 cognito
853 2541 971 2574 morbo
995 2539 1195 2585 Scipionis,
1229 2540 1337 2575 dilata
1359 2540 1461 2574 etiam
1482 2539 1731 2585 stipendiorum

267 2583 452 2622 solutione,
476 2589 598 2627 aperte
622 2584 760 2627 defecit,
786 2585 964 2630 pulsisque
986 2585 1135 2620 tribunis
1159 2585 1227 2619 sibi
1251 2586 1408 2620 consules
1433 2585 1551 2629 etegit.
1586 2585 1729 2620 fuerunt

269 2623 396 2660 autem'
419 2630 560 2663 circiter
593 2636 669 2663 octo
703 2631 808 2665 milia.
856 2643 924 2675 qua
947 2631 990 2665 de
1013 2642 1118 2665 causa
1141 2631 1205 2665 His
1233 2631 1288 2665 ani
1313 2631 1415 2665 etiam
1440 2630 1484 2664 ad
1506 2630 1728 2665 deserendam

267 2673 368 2706 fidem
402 2675 487 2708 facti
520 2675 772 2720 promptiores,
806 2677 919 2711 socias
951 2677 1112 2712 civitates
1148 2677 1356 2712 afflixerunt.
1403 2679 1439 2710 et
1471 2675 1577 2720 Mago
1610 2677 1728 2711 Gades

267 2718 402 2797 iamilam
427 2720 631 2765 relicturus,
666 2732 780 2766 neque
811 2722 972 2767 reliquit,
1005 2729 1042 2757 et
1071 2722 1332 2766 mediterraneis
1358 2721 1499 2757 multum
1530 2721 1727 2757 detrimenti

267 2768 341 2799 attu
357 2769 394 2798 lt.
409 2799 411 2802 ,
