1794 3120
268 119 332 164 26
733 121 958 167 IOANNIS
991 123 1248 167 ZONARAE

264 232 420 283 τούτοις
443 234 621 293 Μαρκίῳ
644 235 796 279 ἐπέλιπε
819 237 864 280 τὸ
885 235 1095 292 βιώσιμον,
1138 237 1282 280 εἴκοσιν
1305 237 1507 288 ἐνιαυτοὺς
1530 239 1595 281 καὶ
1619 239 1710 282 do·-

264 319 392 359 σαρας
415 300 600 358 ἄρξαντι,
635 306 701 346 καὶ
732 306 881 360 πολλὴν
914 311 985 350 τοῦ
1016 307 1129 348 θείου
1164 306 1265 348 κατὰ
1289 305 1356 348 τὸν
1382 304 1542 349 πάππον
1564 300 1712 362 Νομᾶν

202 407 204 410 ,
263 370 483 429 ποιουμένῳ
506 370 577 425 τὴν
599 372 833 427 ἐπιμέλειαν.
1440 399 1441 403 =

73 440 119 475 W
140 440 237 476 1112
304 488 307 494 Υ
395 438 435 481 8.
503 438 685 492 Λούκιος
717 442 761 484 δὲ
787 440 1010 500 Ταρκύνιος
1031 443 1102 498 τὴν
1126 441 1253 499 ἀρχὴν
1276 439 1514 500 ᾠκειώσατο,
1540 440 1709 498 &ndn-

92 514 237 551 P1325
259 504 444 563 μαράτου
474 508 548 561 μὲν
578 504 625 563 ἦν
656 517 749 560 παῖς
782 512 1027 568 Κορινθίου,
1079 510 1274 568 φυγόντος
1311 511 1356 552 δὲ
1394 513 1460 553 καὶ
1500 511 1556 560 εἰς
1593 508 1741 558 πόλινό

262 576 494 632 Τυρσηνίδα
531 579 758 634 Ταρκυνίαν
799 578 1148 635 ἐγκατοικήσαντος
1183 581 1225 630 ἐξ
1258 578 1496 633 αὐθιγενοῦς
1525 578 1711 634 γυναικὸς

260 644 393 701 ἐκείνῳ
418 644 586 699 ἐτέχθη,
631 645 889 701 Λουκούμων
911 648 1164 702 ὀνομασθείς.
1232 647 1362 688 πολλὰ
1392 647 1527 700 μέντοι
1557 644 1710 703 πατρό-

259 715 334 754 θεν
357 711 658 766 διαδεξάμενος,
699 714 758 758 ὅτι
779 716 837 770 μὴ
860 721 939 760 τῶν
963 716 1165 771 πρωτείων
1187 715 1300 771 παρὰ
1321 717 1400 757 τῶν
1427 714 1712 771 Ταρκυνησίων

259 778 314 830 ὥς
336 779 482 835 ἔπηλυς
504 784 743 836 κατηξίωτο,
777 784 877 840 πρὸς
910 785 983 838 τὴν
1009 782 1167 838 Ῥώμην
1191 781 1493 836 μεταναστεύει,
1527 786 1577 839 τῇ
1599 779 1712 825 πόλει

200 888 203 890 .
257 850 322 890 καὶ
362 848 434 902 τὴν
476 852 615 903 κλῆσιν
654 852 1029 906 συμμεταθέμενος,
1082 853 1149 893 καὶ
1185 850 1487 906 μετωνομάσθη
1527 848 1710 901 Λούκιος
1720 854 1765 889 10

261 914 484 971 Ταρκύνιος
507 917 549 957 ἐκ
570 921 642 971 τῆς
664 917 815 968 πόλεως
836 921 877 960 ἐν
899 914 926 975 ᾗ
948 916 1137 975 παρῴκει.
1204 919 1354 974 λέγεται
1379 920 1422 962 δὲ
1442 918 1711 973 μετοικιζομέ-

258 999 327 1025 νου
352 982 467 1032 ἀετὸς
489 985 693 1034 καταπτὰς
717 983 896 1042 ἁρπάσαι
919 986 986 1028 τὸν
1009 989 1126 1027 πῖλον
1149 984 1195 1027 ὃν
1219 985 1318 1039 εἶχεν
1340 987 1402 1028 ἐπὶ
1423 991 1496 1041 τῆς
1519 989 1710 1044 κεφαλῆς,

257 1052 322 1092 καὶ
345 1054 627 1107 μετεωρισθεὶς
650 1055 715 1094 καὶ
740 1052 912 1108 κλάγξας
935 1055 996 1096 ἐπὶ
1021 1051 1145 1104 πολύ,
1191 1048 1313 1103 αὖθις
1335 1053 1457 1096 αὐτὸν
1479 1052 1712 1111 ἐφαρμόσαι

256 1123 307 1175 τῇ
330 1119 455 1161 αὐτοῦ
479 1124 658 1176 κεφαλῇ,
694 1119 749 1171 ὡς
780 1122 966 1164 ἐντεῦθεν
996 1122 1121 1176 μηδὲν
1153 1121 1310 1164 ἐλπίσαι
1344 1122 1488 1178 μικρὸν
1520 1123 1710 1178 καὶπρο-

254 1184 399 1240 θύμως
423 1191 472 1244 τῇ
492 1186 625 1244 Ῥώμῃ
649 1190 927 1244 ἐγκατοικῆσαι
941 1204 951 1214 ·
989 1188 1087 1231 ὅθεν
1109 1195 1193 1239 τοῖς
1215 1187 1388 1245 πρώτοις
1410 1189 1456 1231 οὖ
1479 1190 1583 1243 μετὰ
1604 1189 1707 1232 πολὺ
1719 1195 1764 1230 15

202 1265 230 1298 B
256 1256 548 1313 συνηρίθμητο.
584 1260 642 1313 τῷ
663 1274 704 1299 τε
727 1257 803 1314 γὰρ
828 1257 986 1315 πλούτῳ
1003 1256 1212 1315 χρώμενος
1235 1257 1527 1314 ἀφειδέστερον,
1557 1258 1711 1300 συνέσει

254 1341 296 1365 τε
320 1325 386 1365 καὶ
411 1323 646 1382 εὐτραπελία
668 1325 763 1375 τοὺς
785 1326 980 1375 δυνατοὺς
1004 1323 1267 1379 οἰκειούμενος
1275 1357 1289 1377 ,
1323 1326 1364 1375 ἐς
1394 1326 1488 1375 τοὺς
1521 1326 1709 1383 εὐπατρί-

255 1394 331 1441 δας
361 1393 428 1434 καὶ
460 1391 532 1447 τὴν
562 1393 715 1448 βουλὴν
746 1394 966 1449 κατελέχθη
1001 1393 1112 1450 παρὰ
1137 1395 1351 1450 Μαρκίου,
1386 1395 1453 1436 καὶ
1488 1394 1710 1451 στρατηγὸς

253 1460 498 1514 ἀπεδείχθη,
541 1462 606 1502 καὶ
631 1461 702 1515 τὴν
724 1465 803 1504 τῶν
826 1464 980 1505 παίδων
1002 1463 1148 1504 ἐκείνου
1174 1462 1424 1518 ἐπιτροπείαν
1446 1464 1513 1503 καὶ
1535 1466 1609 1517 τῆς
1627 1466 1709 1516 βα-

256 1528 405 1579 σιλείας
426 1529 670 1571 πεπίστευτο.
721 1530 889 1574 ἐδείκνυε
911 1531 989 1588 γὰρ
1014 1529 1155 1574 ἐαυτὸν
1179 1529 1338 1585 ἀγαθὸν
1361 1529 1513 1588 ἄνδρα,
1543 1528 1765 1588 χρημά-20

346 1659 369 1693 2
387 1654 477 1693 “aul
499 1655 638 1704 πολλὴν
659 1680 704 1687 -
727 1655 954 1706 ἐπιμέλειαν]
986 1661 1112 1695 desunt
1135 1659 1220 1694 haec
1243 1660 1350 1694 verba
1373 1661 1409 1693 in
1429 1659 1528 1696 codd.
1557 1645 1619 1695 Re*
1638 1685 1649 1697 .
1674 1666 1711 1696 et

347 1700 477 1739 Colb.”
502 1705 728 1741 Ducmsms.
811 1706 832 1741 6
854 1706 1056 1751 ταρκυνίαν
1079 1706 1120 1748 C,
1148 1706 1374 1748 Ταρκυινίαν
1397 1705 1486 1740 PW.
1563 1705 1587 1741 8
1643 1718 1707 1750 αρ-

346 1748 540 1794 κυινησίων
562 1751 650 1788 PW.
787 1752 809 1788 9
827 1749 983 1797 Ῥώμην]
1008 1750 1116 1786 πόλιν
1138 1751 1181 1794 C,
1205 1751 1278 1784 τῶν
1302 1747 1473 1795 ῤ’ωμαίων
1495 1750 1534 1790 ἰη,
1554 1752 1709 1797 margine

349 1796 414 1829 add
439 1807 510 1831 rec.
533 1807 622 1853 man.
637 1839 647 1853 t
694 1798 760 1852 ,τῇ
782 1794 884 1852 πόλει
909 1799 976 1853 8ρά
1000 1798 1104 1834 ABC.
1198 1796 1249 1851 16·
1265 1797 1316 1841 τῷ
1332 1807 1377 1851 ,τε
1401 1793 1471 1849 γᾷρ
1495 1793 1641 1843 πλούτῳ
1666 1816 1710 1823 -

346 1853 388 1920 ιὲὲ
405 1841 450 1921 2127
446 1854 508 1922 verr
535 1842 556 1876 9
580 1855 604 1887 η
627 1854 699 1878 vno
707 1845 815 1888 ληψις
835 1843 956 1878 D10n1s
973 1847 1172 1890 excerptum
1187 1843 1442 1877 Pelresclanum
1462 1842 1519 1879 22.
1611 1852 1650 1877 τε
1665 1843 1707 1887 Α,

392 1979 559 2012 ΕὀΝΤΕε.
610 1979 696 2023 Cap.
729 1979 765 2015 8.
814 1979 937 2013 Dionis
974 1979 1155 2014 Historiae
1186 1979 1368 2013 Romanae
1399 1977 1480 2012 lilm'
1514 1978 1688 2023 deperditi
1695 1990 1706 2012 .·

348 2030 552 2068 excerptum
579 2025 837 2060 Peirescianum
861 2025 918 2060 22.

257 2136 347 2170 vitos
371 2147 491 2180 pacem
515 2148 655 2172 servare
678 2142 879 2183 coegerunt.
935 2137 988 2171 his
1012 2138 1115 2171 rebus
1138 2137 1246 2182 gestis
1267 2135 1420 2170 Marcius
1443 2138 1586 2170 mortem
1610 2135 1708 2180 obiit,

257 2192 345 2215 anno
370 2183 467 2225 regni
493 2182 558 2226 24,
584 2183 739 2229 exemplo
764 2184 819 2217 avi
843 2183 1024 2228 religiosus
1048 2183 1185 2216 deorum
1209 2182 1332 2217 cultor.
1578 2224 1580 2226 v

391 2226 426 2259 8.
475 2227 518 2261 L.
554 2229 764 2273 Tarquinius
796 2229 978 2263 Demarati
1011 2228 1182 2262 Corinthii
1216 2227 1365 2270 exsulis,
1401 2225 1462 2271 qui
1495 2226 1707 2271 Tarquinios

256 2271 476 2316 Tyrrheniae
501 2275 617 2308 urbem
642 2275 828 2319 migrarat,
854 2287 897 2309 ex
922 2275 1083 2319 indigena
1106 2273 1245 2307 muliere
1266 2273 1379 2314 filius,
1402 2273 1577 2306 Lucumon
1603 2283 1710 2312 voca—

255 2321 330 2361 tus,
366 2329 509 2363 regnum
532 2320 600 2353 sibi
622 2320 825 2355 vindicavit.
871 2321 900 2355 is
932 2332 1007 2354 cum
1039 2319 1183 2364 amplum
1212 2317 1455 2364 patrimonium
1485 2317 1708 2363 suscepisset,

256 2375 320 2397 nec
342 2367 455 2398 tamen
481 2368 521 2398 ut
543 2366 675 2399 advena
700 2377 720 2399 a
744 2366 1055 2411 Tarquiniensibus
1078 2365 1122 2399 ad
1145 2375 1292 2398 summos
1315 2364 1463 2397 honores
1487 2363 1708 2405 eveheretur,

255 2409 395 2443 Romam
417 2410 562 2454 migrat,
594 2416 793 2456 mutatoque
815 2412 948 2446 nomine
970 2413 1011 2446 ab
1034 2411 1121 2445 urbe
1143 2409 1180 2444 in
1203 2421 1271 2455 qua
1293 2407 1470 2442 habitarat
1492 2408 1532 2442 L.
1555 2407 1708 2453 Tarqui·

255 2455 332 2488 nius
358 2456 565 2500 appellatur.
612 2458 724 2490 fertur
748 2461 880 2498 autem,
917 2469 990 2492 cum
1021 2456 1137 2490 sedem
1167 2458 1335 2497 mutaret,
1370 2454 1483 2498 aquila
1515 2454 1706 2496 devolasse,

255 2505 424 2545 raptoque
448 2502 539 2546 pileo
564 2513 664 2546 quem
689 2503 802 2547 capite
825 2505 971 2548 gerebat
993 2503 1208 2544 subvolasse,
1232 2512 1272 2534 ac
1293 2511 1415 2543 magno
1431 2500 1594 2543 clangore
1609 2499 1707 2533 edito

256 2546 401 2580 eundem
424 2547 529 2591 capiti
552 2553 634 2592 apte
656 2548 871 2592 reposuisse:
905 2550 996 2583 unde
1025 2548 1110 2582 nihil
1138 2546 1260 2581 humile
1289 2545 1399 2579 animo
1425 2544 1638 2590 conceperit,
1671 2547 1707 2577 et

257 2591 418 2626 alacriter
442 2592 571 2627 Romae
595 2593 808 2634 consederit3
842 2595 900 2628 ubi
929 2606 998 2630 non
1028 2594 1132 2628 multo
1163 2596 1244 2638 post
1272 2590 1307 2624 in
1331 2590 1451 2635 primis
1475 2595 1528 2624 est
1549 2600 1706 2623 numera—

256 2641 323 2672 tus.
371 2649 446 2671 nam
473 2650 547 2672 cum
573 2640 696 2684 opibus
720 2640 811 2673 haud
835 2651 938 2685 parce
962 2643 1137 2682 uteretur,
1162 2636 1343 2683 prudentia
1367 2640 1403 2670 et
1424 2635 1620 2670 urbanitate
1640 2646 1707 2680 po-

259 2682 469 2717 tentioribus
493 2684 561 2718 sibi
584 2684 774 2718 conciliatis
788 2712 796 2727 ‚
829 2698 849 2720 a
874 2686 1005 2720 Marcio
1037 2685 1072 2718 in
1094 2683 1258 2729 patricios
1282 2686 1319 2714 et
1341 2686 1495 2716 senatum
1515 2681 1626 2715 lectus
1651 2684 1708 2714 est

260 2732 296 2763 et
329 2729 398 2763 dux
432 2730 603 2764 exercitus
636 2730 850 2775 designatus,
887 2732 1019 2766 credita
1051 2730 1152 2764 etiam
1183 2728 1366 2762 liberorum
1396 2731 1432 2760 et
1461 2726 1559 2771 regni
1581 2725 1705 2760 tutela.

261 2786 337 2809 nam
361 2786 398 2815 se
422 2776 543 2810 bonum
568 2776 678 2810 virum
702 2777 905 2821 praebebat,
930 2776 1105 2823 pecuniam
1127 2773 1309 2819 egentibus
1325 2771 1557 2818 impertiebat,
1582 2781 1706 2815 rogan-
