1820 3120
270 91 367 141 230
516 62 520 63 ⁷
738 89 962 132 lomus
996 89 1254 133 zoNARAE

267 205 400 259 μέντοι
424 199 575 251 πάντας
596 199 825 245 θανατώσω
848 200 992 254 αὗτός,
1026 199 1119 243 ἀλλ’
1153 200 1310 256 ὀλίγους
1340 200 1411 253 οὓς
1429 205 1498 251 ,καὶ
1519 203 1600 260 ἤδη
1622 221 1719 262 συνῇ

269 274 412 328 είληφα
448 267 670 321 δικαιώσω,
705 270 798 320 τοὺς
830 270 874 312 δὲ
905 269 1052 319 ἄλλους
1085 268 1282 326 ἃφίημιῖῗ
1350 274 1478 314 ταῦτα
1511 272 1634 319 εἰπών
1665 276 1719 326 εἷς

267 339 312 381 τὸ
344 339 466 392 μέσον
498 337 591 388 τοὺς
624 339 854 392 δεδεμένους
888 335 1118 395 παρήγαγε,
1165 338 1232 380 καὶ
1266 343 1456 394 σταυροῖς
1488 340 1720 398 προσδήσας

265 408 331 448 καὶ
374 405 628 460 αἲκισάμενος
663 406 900 453 ἀπέκτεινεν.
983 403 1038 455 ὥς
1077 405 1123 447 δέ
1158 422 1261 456 τινες
1298 409 1377 448 τῶν
1417 408 1720 466 παρεστηκότων

265 473 612 530 ἀγανακτήσαντες
642 473 913 530 ἐθορύβησαν,
949 473 1118 527 συχνοὺς
1140 475 1207 517 καὶ
1230 473 1385 517 ἐκείνων
1407 472 1590 525 ἐκόλασε.Ι
1652 481 1751 524 καὶὸ
1819 487 1820 490 ’

211 555 241 590 c
265 543 366 597 μετὰ
397 546 514 584 τοῦτο
546 542 619 596 τὴν
649 542 913 598 μισθοφορὰν
943 547 1027 591 τοῖς
1057 540 1195 592 ἄλλοις
1224 541 1321 592 δοὺς
1351 543 1414 584 ἐπὶ
1435 541 1506 586 τὸν
1523 543 1721 598 Ἰνδίβιλιν

267 613 332 652 καὶ
358 612 418 652 ἐπὶ
442 610 511 653 τὸν
537 608 774 653 Μανδόνιον
797 607 1045 665 ἐστράτευσε.
1114 611 1180 651 καὶ
1209 609 1270 665 μὴ
1305 607 1545 664 τολμώντων
1566 612 1722 663 ἐκείνων

266 681 466 733 συμμῖξαι
492 679 622 735 αὐτῷ,
658 677 779 727 αὐτὸς
802 678 965 720 ἐπέθετο
992 678 1055 719 καὶ
1081 677 1267 733 ἐνίκησεν.

395 743 752 800 Ὁμολογησάντων
787 745 828 787 δ’
866 745 1034 796 ἐκείνων,
1080 747 1145 787 καὶ
1185 750 1257 800 τῆς
1296 743 1421 800 ἄλλης
1455 745 1633 805 Ἰβηρίας
1670 748 1722 791 τὰ

265 814 385 855 πλείω
418 809 541 863 αὖθις
571 812 807 868 ἐδουλώθη,
842 815 908 856 καὶ
939 811 960 856 ὃ
990 814 1150 869 Μαγὼν
1171 813 1222 856 τὰ
1245 811 1423 870 Γάδειρα
1446 813 1618 867 ἐξέλιπε,
1653 818 1720 859 καὶ
1732 827 1778 862 10

267 880 288 923 ὅ
314 882 574 931 Μασινίσσας
596 888 677 932 τοῖς
694 881 906 935 Ῥωμαίοις
928 879 1244 940 προσεχώρησεν.
1278 881 1317 923 οἱ
1335 881 1608 939 Καρχηδόνιοι
1629 883 1722 942 γάρ,

265 947 572 1003 τελευτήσαντος
601 948 829 1005 Ἀσδρούβα
862 953 934 992 τοῦ
963 949 1143 1003 Ἀννίβου
1180 948 1422 1003 ὅμαίμονος,
1468 951 1722 1010 ἐψηφίσαντο

265 1022 337 1070 τῆς
366 1017 440 1071 μὲν
470 1017 645 1074 Ἰβηρίας
673 1019 880 1071 ἐκστῆναι,
914 1017 965 1059 τὰ
999 1018 1042 1059 δέ
1074 1018 1115 1060 ἐν
1146 1022 1195 1074 τῇ
1222 1017 1371 1076 Ἰταλίᾳ
1390 1017 1723 1074 ἀνακτήσασθαι·

265 1087 330 1126 καὶ
363 1084 549 1139 ἔπεμψαν
583 1084 772 1142 ἀργύριον
805 1090 861 1144 τῷ
894 1087 1095 1140 Μαγῶνι,
1144 1085 1203 1128 ἵν’
1242 1085 1492 1142 ἐπικουρικὸν
1523 1087 1725 1147 ἀθροίσας

85 1159 133 1193 W
148 1160 243 1198 1192
265 1152 554 1210 στρατεύσηται
586 1154 654 1196 ἐπ’
682 1152 818 1207 αὐτήν.
885 1155 951 1195 καὶ
976 1151 1020 1204 ὃς
1041 1153 1143 1211 πρὸς
1165 1152 1237 1208 τὴν
1253 1153 1424 1197 Ἰταλίαν
1449 1149 1572 1207 αὖθις
1592 1153 1720 1212 ὅρμή-
1733 1167 1776 1204 15

210 1231 242 1264 D
266 1239 340 1270 σας
364 1221 527 1279 ἀφίκετο
551 1222 652 1278 πρὸς
674 1223 747 1272 τὰς
771 1224 810 1263 Γ
805 1223 1001 1276 υμνησίας
1021 1221 1179 1276 νήσους.
1247 1224 1313 1264 καὶ
1344 1226 1416 1277 τῆς
1443 1223 1518 1277 μὲν
1547 1225 1724 1278 μείζονος

263 1288 442 1345 ἥμαρτε,
477 1289 535 1344 μὴ
564 1292 752 1344 δυνηθεὶς
775 1292 830 1339 εἷς
854 1289 979 1344 αὐτὴν
1002 1294 1174 1346 κατᾶραι
1208 1290 1264 1343 (οἱ
1294 1289 1372 1346 γὰρ
1396 1289 1600 1348 ἐπιχώριοι
1621 1290 1723 1350 πόρ-

264 1361 397 1413 ρωθεν
420 1359 460 1407 ἐς
482 1358 555 1407 τὰς
578 1362 674 1407 ναῦς
698 1355 960 1414 ἐσφενδόνων,
984 1357 1188 1414 κράτιστοι
1212 1362 1329 1402 τοῦτο
1354 1365 1478 1404 ποιεῖν
1501 1358 1643 1415 ὄντες),
1667 1356 1741 1412 εἷς

263 1426 306 1466 δὲ
329 1425 400 1480 τὴν
421 1426 660 1482 μικροτέραν
686 1425 1058 1482 προσορμισάμενος
1088 1427 1172 1468 ἐκεῖ
1199 1425 1266 1467 διὰ
1298 1425 1366 1468 τὸν
1392 1431 1572 1482 χειμῶνα
1604 1429 1722 1472 κατί-

262 1510 406 1547 μεινεν.
465 1494 507 1535 αἱ
530 1498 642 1546 νῆσοι
667 1494 709 1535 δ’
736 1488 854 1536 αὗται
879 1498 929 1551 τῇ
951 1495 1039 1550 περὶ
1065 1493 1133 1536 τὸν
1146 1493 1292 1550 Ἴβηρα
1315 1494 1466 1552 ἠπείρῳ
1489 1497 1777 1540 {niumm-20

265 1563 337 1603 εἶσὶ
371 1562 415 1603 δὲ
449 1568 573 1618 τρεῖς,
627 1560 675 1612 ἃς
701 1560 889 1616 ’Έλληνες
921 1563 994 1616 μὲν
1027 1564 1092 1604 καὶ
1120 1560 1311 1616 Ῥωμαῖοι
1346 1567 1459 1620 κοινῇ
1490 1565 1532 1605 Γ
1528 1566 1723 1620 υμνησίας

264 1634 464 1681 καλοῦσιν,
493 1629 717 1686 Οὐαλερίας
741 1631 784 1672 δὲ
807 1632 873 1672 καὶ
890 1628 1145 1680 εΥασσούσας
1169 1630 1206 1672 οἳ
1230 1629 1407 1687 Ἴβηρες,
1442 1632 1526 1691 ἰδίᾳ
1557 1632 1600 1674 δ’
1626 1630 1721 1675 ἑκά-

354 1737 375 1769 5
398 1731 690 1782 ἐθορυβήθησαν
712 1737 754 1773 Α.
912 1736 934 1771 7
960 1734 1020 1771 ἐπὶ
1041 1749 1094 1771 om
1117 1736 1159 1774 A.
1312 1737 1355 1770 11
1381 1748 1432 1783 sq.
1455 1737 1666 1780 μασσινίσας
1677 1739 1721 1776 Β.

355 1781 399 1815 12
419 1778 615 1827 Ἀσδρούβα
639 1783 720 1817 libri
745 1794 872 1826 omnes,
897 1783 955 1827 qui
972 1783 1084 1816 solent
1104 1779 1334 1827 Ἀσδρούβαν.
1427 1783 1471 1819 13
1487 1783 1552 1828 τῆς
1565 1780 1632 1828 μὲν
1647 1785 1721 1828 ΑΟ,

353 1824 421 1870 μὲν
444 1828 508 1870 τῆς
523 1829 608 1863 PW.
750 1828 792 1862 19
816 1823 1146 1871 προσορμισάμενοι
1169 1827 1210 1864 Α.
1348 1827 1394 1865 20
1417 1825 1462 1862 αἱ
1479 1829 1585 1872 νῆσοι
1606 1848 1653 1855 -
1675 1830 1721 1864 22

354 1869 393 1906 οἵ
406 1869 547 1917 Ἴβηρες
570 1884 613 1906 ex
636 1871 748 1906 Dione
771 1872 927 1906 Tzetzes
952 1873 994 1906 ad
1016 1872 1254 1918 Lycophronis
1269 1885 1304 1906 v.
1321 1871 1388 1908 633
1405 1874 1497 1916 (exc.
1514 1875 1628 1910 Vales.
1645 1875 1720 1919 18).

352 1918 395 1951 21
421 1918 549 1957 κοινῶς
570 1919 733 1953 Tzetzes.
825 1917 1024 1961 γυμνασίας
1045 1918 1088 1953 Α.
1187 1918 1232 1952 22
1257 1915 1474 1962 οὖαλλερίας
1496 1919 1543 1954 C:
1567 1921 1720 1956 Tzetzes

352 1963 529 2006 Βαλερίας
552 1964 607 1997 vel
630 1963 814 2008 Βαληρίας
837 1960 921 2008 ἤτοι
942 1960 1115 2008 ὑγιεινάς.
1216 1960 1399 2005 ὖασούσας
1421 1965 1498 2000 Ac.

259 2053 444 2096 duntaxat,
471 2065 556 2099 quos
582 2054 649 2088 iam
673 2054 1007 2099 comprehendisset,
1031 2065 1161 2100 poenas
1187 2057 1420 2101 sumpturum,
1444 2055 1612 2090 absolutis
1636 2058 1720 2092 reli-

259 2099 349 2143 quis.
397 2099 481 2132 haec
512 2100 644 2133 locutus
679 2100 817 2134 vinctos
846 2100 882 2133 in
911 2099 1055 2133 medium
1087 2100 1250 2146 produxit
1283 2104 1319 2134 et
1342 2101 1438 2155 palis
1469 2101 1632 2146 alligatos
1655 2114 1720 2148 per

258 2145 445 2178 cruciatum
470 2145 619 2179 necavit.
667 2153 707 2180 ut
738 2157 822 2180 vero
854 2145 989 2191 quidam
1021 2157 1064 2180 ex
1094 2146 1308 2181 adstantibus
1341 2146 1510 2191 mdignati
1532 2158 1572 2181 ac
1595 2149 1720 2182 tumul-

257 2189 351 2224 tuati
374 2194 474 2233 sunt,
501 2202 616 2224 eorum
641 2202 778 2236 quoque
803 2192 995 2237 complures
1020 2191 1199 2236 suppliciis
1223 2190 1352 2226 affecit.
1398 2197 1523 2237 postea
1544 2193 1719 2239 stipendio

257 2234 397 2279 reliquis
421 2236 502 2269 dato
527 2241 650 2270 contra
673 2237 852 2275 Indibilim·
876 2240 911 2270 et
933 2236 1154 2271 Mandonium
1178 2241 1232 2271 est
1255 2237 1452 2284 profectus,
1488 2249 1618 2283 eosque
1651 2250 1718 2285 pu-

257 2291 360 2326 gnam
385 2281 618 2315 detrectantes
644 2294 828 2327 aggressus
852 2282 1046 2327 superavit.

395 2326 466 2366 Qui
490 2338 563 2360 cum
588 2328 796 2362 deditionem
821 2328 1002 2372 fecissent,
1034 2326 1142 2361 maior
1164 2327 1358 2373 Hispaniae
1381 2339 1463 2373 pars
1486 2332 1541 2363 est
1563 2330 1719 2372 subacta,

259 2374 295 2405 et
325 2371 431 2416 Mago
455 2373 613 2406 Gadibus
645 2373 822 2416 discessit,
858 2379 894 2407 et
928 2373 1114 2408 Masinissa
1149 2384 1224 2406 cum
1254 2373 1418 2408 Romanis
1454 2385 1493 2408 se
1527 2374 1716 2410 coniunxit.

256 2428 333 2450 nam
359 2417 667 2462 Carthaginienses
701 2423 782 2464 post
806 2419 1033 2454 Hasdrubalis
1056 2418 1174 2453 fratris
1198 2418 1403 2455 Hannibalis
1428 2419 1565 2455 caedem
1589 2420 1720 2465 Hispa-

257 2462 346 2496 niam
379 2464 602 2498 deserendam
634 2476 712 2498 esse
746 2466 978 2499 decreverunt
1011 2468 1047 2498 et
1078 2463 1212 2498 Italiam
1246 2465 1538 2511 recuperandam,
1574 2466 1635 2500 Ma
1661 2465 1719 2498 oni

254 2509 404 2553 pecunia
437 2509 541 2543 missa
577 2516 615 2543 ut.
638 2511 817 2545 conductis
843 2510 980 2546 auxiliis
1004 2521 1078 2545 earn
1101 2510 1295 2547 invaderet.
1342 2511 1373 2545 is
1394 2510 1503 2556 igitur
1526 2510 1561 2544 in
1584 2510 1639 2543 Ita
1653 2510 1719 2543 iam

258 2553 403 2588 tendens
428 2555 472 2588 ad
496 2556 701 2600 Gymnesias
727 2556 854 2590 insulas
879 2555 995 2591 venit:
1031 2560 1138 2599 atque
1160 2555 1196 2589 in
1220 2555 1342 2590 maiori
1365 2555 1540 2601 appellere
1561 2566 1628 2588 non
1652 2567 1717 2600 po-

258 2599 338 2641 tuit,
364 2602 455 2644 quod
480 2601 669 2642 insulares,
698 2602 891 2635 funditores
916 2600 1209 2645 exercitatissimi,
1236 2601 1366 2635 eminus
1389 2601 1421 2634 la
1447 2600 1520 2634 ides
1546 2600 1582 2634 in
1611 2611 1717 2634 naves

257 2645 517 2688 iaculabantur3
560 2647 621 2680 sed
655 2647 689 2680 in
726 2648 849 2681 minori
882 2647 1092 2681 hibernavit.
1138 2647 1271 2681 insulae
1302 2657 1388 2680 vero
1448 2657 1490 2680 ae
1522 2645 1718 2680 continenti

257 2701 380 2724 versus
404 2692 538 2725 Iberum
573 2693 762 2736 imminent,
798 2699 833 2727 et
866 2705 886 2726 a
910 2692 1054 2727 Graecis
1077 2692 1311 2734 Romanisque
1336 2691 1547 2735 Gymnesiae,
1569 2703 1717 2726 commu-

258 2736 363 2776 niter
386 2738 623 2782 appellantur:
667 2739 814 2784 Hispani
854 2750 936 2773 vero
971 2738 1127 2772 Valerius
1167 2742 1202 2771 et
1233 2738 1432 2781 Hyassusas
1473 2742 1509 2771 et
1548 2737 1715 2784 peculiari
