1820 3120
296 102 394 148 206
766 102 995 146 IOANNIS
1029 103 1288 148 ZONARAE

294 214 558 269 ἀποτεμόντες
591 216 628 257 οἱ
660 214 867 273 βάρβαροι
888 218 956 259 καὶ
979 213 1275 273 ἐκκαθάραντες
1296 219 1364 259 καὶ
1388 218 1754 277 περιχρυσιῦσαντες

241 294 272 327 C
295 283 395 340 πρὸς
425 283 475 324 τὰ
509 283 596 339 ἱερὰ
630 285 761 327 αὐτῶν
791 284 878 328 ἀντὶ
911 283 1059 341 φιάλης
1090 285 1312 341 ἐκέχρηντο.
1378 285 1559 341 γεγόνασι
1589 289 1635 332 δὲ
1661 287 1751 332 τότε

291 352 461 407 τέρατα·
493 355 594 404 βοῦς
616 369 656 394 τε
687 351 763 409 γὰρ
794 355 917 394 *ίππον
939 352 1043 395 ἔτεκε
1066 354 1132 393 καὶ
1156 353 1197 394 ἐν
1218 350 1411 409 θαλάσσῃ
1436 354 1635 411 ἐξέλαμψε
1656 361 1750 414 πῦρ.

291 419 330 461 οἱ
363 419 406 461 δ’
442 418 587 462 ὕπατοι
620 418 806 475 Γράκχος
845 422 911 462 καὶ
949 419 1107 472 Φάβιος
1140 419 1674 477 στρατοπεδευσάμεινοωτόν
1707 440 1750 467 τε

284 487 484 540 Ἀννίβαν
507 488 548 529 ἐν
572 488 722 545 Καπύῃ
745 487 840 530 ὄντα
862 486 1077 544 ἐπετήρουν
1101 486 1121 530 ὅ
1145 505 1183 530 τι
1205 487 1388 544 πράσσει,
1411 490 1477 530 καὶ
1486 490 1747 547 διεπέμποντο
1761 499 1783 533 5

289 553 533 609 ἑκασταχόσε
545 587 557 606 ,
593 562 675 606 τοῖς
707 573 748 598 τε
771 555 998 610 συμμάχοις
1021 553 1242 610 ἐπήμυνον,
1275 557 1341 598 καὶ
1366 557 1460 607 τοὺς
1480 557 1753 614 ἀφεστηκότας

289 625 538 666 οἰκειοῦσθαι
571 625 806 678 ἐπειρῶντο,
845 623 895 665 τά
917 640 957 665 τε
988 627 1068 665 τῶν
1091 624 1393 678 ἀνθισταμένων
1414 622 1593 668 ἐκάκουν.
1640 624 1749 669 -c‘rd'

281 690 481 744 Ἀννίβας
514 691 587 740 ἕως
619 693 692 744 μὲν
725 696 795 745 τῆς
817 696 970 747 τροφῆς
994 693 1134 742 ἐνδεῶς
1156 691 1323 748 ηὐπόρει
1346 693 1412 734 καὶ
1435 691 1752 746 διακινδυνεύων,

288 759 509 815 σωφρόνως
539 759 642 812 μετὰ
674 763 746 800 τοῦ
778 763 954 815 στρατοῦ
977 761 1129 814 διῆγεν,
1165 758 1220 810 ὥς
1246 761 1289 802 δὲ
1317 760 1389 814 τὴν
1414 760 1585 816 Καπύην
1606 761 1752 816 ἔλαβον
1819 765 1820 806 ἒ

289 828 354 868 καὶ
375 831 534 876 πολλοῖς
557 828 799 881 ἐπιτηδείοις
815 828 856 868 ἐν
878 826 1061 886 ῥᾳστώνῃ
1085 830 1369 882 διεχείμασαν,”
1385 827 1458 884 τήν
1480 845 1520 872 τε
1543 829 1658 884 ι’σχὺτ
1673 820 1820 873 tarto

235 907 268 939 Ι)
292 892 491 948 σωμάτων
515 894 572 948 μὴ
597 893 835 947 πονούμενοι
866 897 933 936 καὶ
955 895 1029 949 τὴν
1058 894 1194 952 ῥώμην
1216 900 1287 950 τῆς
1310 895 1470 952 γνώμης
1489 895 1568 940 ὑπὸ
1591 902 1663 952 τῆς
1687 898 1752 940 εὗ-

288 963 443 1015 θυμίας
466 960 778 1021 ἠλαττώθησαν,
814 951 880 1003 aa}
908 962 980 1018 τὴν
1003 961 1171 1019 πάτριον
1193 964 1442 1018 ἀμείψαντες
1458 966 1614 1009 δίαιταν
1635 967 1752 1020 μετέ-

286 1034 426 1083 μαθον
450 1028 656 1084 ἡττᾶσθαι
681 1029 916 1083 μαχόμενοι.
983 1032 1064 1072 ἐπεὶ
1090 1032 1133 1073 δὲ
1157 1029 1177 1073 ὅ
1202 1030 1374 1086 πόλεμος
1395 1031 1473 1087 ἤδη
1492 1033 1688 1085 ἐπέκειτο,
1713 1034 1753 1084 ἐς

241 1098 243 1102 ⁴
288 1097 362 1152 ὄρη
396 1099 563 1152 μετέστη
595 1101 660 1140 καὶ
699 1097 888 1154 ἐγύμναζε
921 1098 966 1140 τὸ
992 1097 1234 1154 στράτευμα.
1303 1100 1340 1142 οἳ
1365 1100 1406 1142 δ’
1429 1100 1502 1155 οὐχ
1519 1098 1600 1146 οἷοί
1617 1117 1659 1159 τε
1687 1101 1748 1143 δι’

289 1165 421 1220 ὀλίγου
457 1165 666 1221 ῥωσθῆναι
699 1165 897 1221 γεγόνασι.
963 1168 1161 1221 βοηθείας
1183 1169 1227 1210 δὲ
1246 1167 1355 1225 αὐτῷ
1379 1168 1541 1211 οἴκοθεν
1562 1168 1687 1224 ἄλλης
1707 1186 1749 1212 τε
1760 1176 1805 1211 15

287 1235 354 1275 καὶ
390 1232 614 1289 ἐλεφάντων
648 1233 850 1288 ἐλθούσης
883 1233 1150 1290 ἀνεθάρσησε.
1218 1238 1285 1278 καὶ
1318 1237 1379 1278 ἐπὶ
1411 1237 1486 1291 τὴν
1516 1235 1666 1280 Νώλαν
1697 1235 1754 1287 ὥς

287 1299 466 1358 αἱρήσων
500 1302 626 1356 αὐτὴν
658 1301 686 1356 ἢ
720 1300 787 1344 τόν
819 1318 861 1356 γε
895 1301 1141 1363 Μάρκελλον
1175 1303 1248 1357 τὴν
1271 1306 1488 1347 Σαυνίτιδα
1517 1309 1751 1362 πορθοῦντα

284 1368 433 1423 ταύτης
455 1368 617 1420 ἀπάξων
641 1369 839 1426 ὥρμησεν.
910 1368 964 1419 ὡς
989 1370 1031 1411 δ’
1059 1370 1173 1412 οὐδὲν
1194 1371 1386 1428 ἐπέραινε,
1419 1377 1491 1426 τῆς
1505 1362 1580 1426 μὲν
1600 1372 1752 1422 πόλεως

284 1437 461 1491 ἀπέστη,
496 1438 569 1492 τὴν
605 1438 648 1479 δὲ
676 1437 814 1493 χώραν
838 1436 961 1495 ἔκειρε
974 1469 987 1488 ,
1021 1438 1161 1493 μέχρις
1183 1433 1231 1481 οὗ
1252 1438 1362 1495 μάχῃ
1385 1440 1488 1482 κατὰ
1518 1441 1563 1482 τὸ
1587 1440 1753 1497 ἰσχυρὸν

281 1502 466 1560 ἡττήθη,
501 1506 570 1562 ἐφ’
597 1499 630 1561 ᾦ
652 1508 717 1547 καὶ
742 1505 902 1560 ἤλγησε.
971 1507 1204 1559 πολλοὶίμέν
1227 1506 1303 1563 γὰρ
1319 1501 1505 1564 Ἴβηρες,
1539 1510 1681 1551 πολλοὶ
1704 1509 1808 1551 δέ20

284 1575 352 1614 καὶ
389 1577 468 1615 τῶν
499 1571 674 1626 Λιβύων
710 1575 963 1628 ἐγκατέλιπον
999 1574 1120 1615 αὐτὸν
1152 1575 1218 1616 καὶ
1260 1575 1361 1630 πρὸς
1394 1576 1488 1625 τοὺς
1527 1573 1753 1630 Ῥωμαίους

114 1656 139 1689 Ρ
156 1653 258 1689 1423
284 1639 569 1696 ηὐτομόλησαν
579 1673 593 1693 ,
628 1639 651 1682 ὃ
681 1640 792 1685 οὔπω
825 1640 962 1699 πρώην
995 1641 1138 1684 ἔπαθε.
1207 1643 1428 1698 καταγνοὺς
1459 1644 1503 1686 δ’
1529 1644 1572 1687 ἐκ
1605 1643 1751 1687 τούτου

376 1817 405 1850 2
422 1811 589 1859 φυάλλης
612 1815 655 1852 Α.
793 1817 817 1852 3
839 1813 963 1851 τέτοκε
985 1817 1028 1851 Α.
1167 1817 1189 1849 5
1212 1812 1368 1859 ἐτήρουν
1387 1815 1431 1854 Α.
1547 1815 1571 1851 8
1595 1813 1752 1861 ηὖπόρει

374 1859 508 1899 ἐνδέως
531 1860 575 1894 C.
669 1862 712 1895 11
736 1858 786 1905 μὴ
809 1859 1042 1907 πονουμένην
1064 1859 1129 1895 καὶ
1150 1857 1219 1906 τὴν
1241 1857 1388 1905 γνώμην
1402 1859 1468 1906 τῆς
1481 1857 1602 1908 ῥώμης
1613 1857 1688 1897 ὑπὸ
1703 1864 1748 1896 A.

375 1906 420 1940 13
444 1903 509 1959 ets(
520 1905 560 1942 Β.
700 1907 746 1941 14
770 1903 808 1940 οἱ
828 1905 894 1951 δ’]
919 1905 956 1940 οἳ
979 1907 1022 1943 Α.
1137 1906 1182 1942 18
1205 1902 1362 1952 ἐπέρανε
1384 1906 1428 1942 Α.
1543 1907 1589 1944 19
1613 1903 1748 1952 ἔκειρεν

375 1949 443 1992 ἕως
466 1962 510 1985 ου
532 1952 576 1987 Α.
714 1952 762 1986 22
782 1949 909 1997 πρώην
930 1953 1034 1997 ABC,
1057 1950 1146 1998 πρὶν
1168 1952 1257 1987 PW.

283 2110 445 2155 inductp,
475 2120 538 2154 pro
565 2109 678 2155 phiala
702 2110 738 2144 in
762 2110 870 2144 sacris
893 2110 948 2144 usi
973 2115 1068 2144 sunt.
1114 2109 1275 2156 prodigia
1296 2112 1369 2144 tum
1389 2109 1548 2143 fuerunt=
1580 2119 1658 2143 nam
1683 2110 1748 2144 bos

285 2167 407 2200 equum
431 2155 582 2200 peperit,
607 2162 642 2189 et
664 2156 798 2190 flamma
821 2168 841 2190 e
865 2155 950 2190 mari
974 2155 1122 2191 emicuit.
1170 2154 1326 2190 consules
1347 2153 1530 2188 Gracchus
1553 2159 1590 2188 et
1604 2155 1748 2199 Fabius,

285 2201 368 2245 quid
401 2201 573 2235 Hannibal
596 2201 738 2246 Capuae
771 2207 892 2246 ageret
923 2203 1168 2245 observantes,
1203 2200 1356 2246 quolibet
1386 2200 1520 2243 legatos
1555 2199 1748 2244 mittebant,

283 2247 389 2280 sociis
413 2258 510 2291 opem
537 2247 717 2289 ferebant,
744 2258 802 2281 eos
827 2247 887 2292 qui
910 2248 1110 2282 defecerant
1132 2246 1357 2281 reconciliare
1381 2245 1607 2290 conabantur,
1630 2250 1749 2279 et-re-

285 2291 480 2326 sistentium
504 2303 606 2336 agros
630 2292 892 2338 populabantur.
939 2293 1113 2326 Hannibal
1137 2303 1222 2326 vero
1245 2291 1323 2325 dum
1347 2296 1536 2324 commeatu
1559 2301 1669 2335 eoque
1689 2302 1748 2325 ar-

286 2337 349 2371 mis
373 2343 473 2382 parto
498 2349 567 2371 non
591 2339 802 2382 abundabat,
823 2339 977 2373 modeste
999 2349 1072 2372 eum
1098 2337 1252 2372 exercitu
1275 2336 1439 2371 vivebat:
1463 2342 1503 2370 ut
1523 2347 1608 2370 vero
1625 2337 1748 2382 Capua.

286 2390 452 2427 occupata
474 2383 510 2417 in
534 2395 657 2427 magna
679 2396 792 2418 rerum
815 2384 995 2418 affluentia
1017 2384 1119 2417 otiosi
1143 2383 1377 2424 hiberum-unt,
1399 2388 1434 2415 et
1451 2382 1545 2415 vires
1567 2384 1748 2426 corporum

285 2429 421 2462 desidia
444 2435 479 2464 et
500 2430 606 2463 robur
633 2430 819 2464 animorum
842 2430 973 2464 deliciis
996 2435 1076 2463 sunt
1098 2428 1283 2471 imminuta,
1307 2432 1505 2472 mutatoque
1518 2427 1617 2462 victu
1633 2426 1748 2473 patrio

283 2474 320 2508 in
344 2474 488 2519 praeliis
511 2474 606 2509 vinci
627 2475 835 2510 didicerunt.
883 2476 972 2509 bello
993 2475 1058 2509 iam
1080 2475 1230 2508 instante
1250 2474 1288 2507 in
1310 2478 1444 2507 montes
1465 2473 1604 2508 transiit
1625 2477 1662 2506 et
1684 2472 1748 2506 mi-

283 2519 364 2553 lites
388 2521 562 2555 exerouite
593 2521 655 2555 sed
690 2532 763 2555 cum
787 2521 912 2565 exiguo
936 2527 1088 2566 tempore
1117 2519 1247 2553 firmari
1270 2530 1339 2553 non
1363 2523 1523 2563 possent,
1553 2517 1748 2563 elephantis

284 2565 431 2610 aliisque
454 2566 616 2601 militibus
640 2566 738 2600 domo
762 2567 919 2601 advectis
942 2567 1089 2600 animum
1110 2565 1255 2610 recepit.
1302 2564 1495 2610 Nolamque
1517 2563 1747 2608 oppugnavit,

280 2616 319 2643 ut
341 2612 399 2645 vel
422 2613 541 2646 urbem
567 2619 709 2658 caperet
732 2613 787 2647 vel
810 2612 1009 2646 Marcellum
1031 2623 1052 2645 a
1075 2610 1208 2645 Samnii
1230 2610 1428 2644 vastatione
1443 2615 1638 2644 revocaret.
1671 2619 1746 2642 cum

280 2656 367 2689 nihil
392 2658 601 2702 proficeret,
633 2659 719 2692 urbe
743 2658 865 2692 relicta
890 2669 993 2703 agros
1015 2656 1191 2690 vastavit:
1225 2656 1335 2690 donec
1357 2656 1450 2689 iusto
1497 2654 1604 2688 raelio
1627 2654 1663 2688 vi
1687 2664 1747 2688 su-

281 2706 434 2746 peratne,
459 2715 502 2737 ex
524 2703 756 2749 Hispanorum
781 2708 817 2737 et
839 2705 1000 2737 Afrorum
1022 2702 1145 2736 crebra
1167 2702 1210 2735 ad
1227 2701 1400 2735 Romanos
1421 2700 1465 2733 de
1482 2699 1619 2734 ectione
1632 2698 1745 2744 (quod

279 2747 313 2780 ei
337 2748 435 2792 prius
457 2759 629 2794 nunquam
653 2749 846 2793 acciderat)
869 2760 1024 2795 magnum
1047 2748 1198 2783 dolorem
1219 2747 1334 2794 cepit:
1357 2752 1392 2781 et
1415 2745 1485 2781 sibi
1506 2745 1575 2791 ipsi
1593 2756 1634 2780 ac
1656 2743 1743 2780 mili-
