<?xml version="1.0" encoding="UTF-8"?>
<!DOCTYPE html PUBLIC "-//W3C//DTD XHTML 1.0 Transitional//EN"
    "http://www.w3.org/TR/xhtml1/DTD/xhtml1-transitional.dtd">
<html xmlns="http://www.w3.org/1999/xhtml" xml:lang="en" lang="en">
 <head>
  <title>
</title>
<meta http-equiv="Content-Type" content="text/html;charset=utf-8" />
  <meta name='ocr-system' content='tesseract 3.04.00' />
  <meta name='ocr-capabilities' content='ocr_page ocr_carea ocr_par ocr_line ocrx_word'/>
</head>
<body>
  <div class='ocr_page' id='page_1' title='image "./corpusscriptorum30niebuoft_0296.png"; bbox 0 0 1820 3120; ppageno 0'>
   <div class='ocr_carea' id='block_1_1' title="bbox 288 88 1347 136">
    <p class='ocr_par' dir='ltr' id='par_1_1' title="bbox 288 88 1347 136">
     <span class='ocr_line' id='line_1_1' title="bbox 288 88 1347 136; baseline -0.002 0"><span class='ocrx_word' id='word_1_1' title='bbox 288 89 387 136; x_wconf 80' lang='lat'><strong><em>286</em></strong></span> <span class='ocrx_word' id='word_1_2' title='bbox 766 88 996 135; x_wconf 89' lang='lat' dir='ltr'><strong>IOANNIS</strong></span> <span class='ocrx_word' id='word_1_3' title='bbox 1024 89 1286 136; x_wconf 82' lang='lat' dir='ltr'>ZONARAE</span> <span class='ocrx_word' id='word_1_4' title='bbox 1343 95 1347 100; x_wconf 83' lang='grc'><strong>“</strong></span> 
     </span>
    </p>
   </div>
   <div class='ocr_carea' id='block_1_2' title="bbox 78 199 1801 1623">
    <p class='ocr_par' dir='ltr' id='par_1_2' title="bbox 283 199 1801 464">
     <span class='ocr_line' id='line_1_2' title="bbox 286 199 1801 263; baseline 0 -19"><span class='ocrx_word' id='word_1_5' title='bbox 286 203 421 261; x_wconf 78' lang='grc' dir='ltr'><strong><em>φορὰς</em></strong></span> <span class='ocrx_word' id='word_1_6' title='bbox 453 202 598 259; x_wconf 81' lang='grc' dir='ltr'><strong><em>κρίνειν</em></strong></span> <span class='ocrx_word' id='word_1_7' title='bbox 629 202 822 260; x_wconf 74' lang='grc' dir='ltr'><strong><em>ἐπέτρεψε</em></strong></span> <span class='ocrx_word' id='word_1_8' title='bbox 856 206 1025 260; x_wconf 79' lang='grc' dir='ltr'><em>δικαστῇ</em></span> <span class='ocrx_word' id='word_1_9' title='bbox 1055 201 1165 255; x_wconf 73' lang='grc' dir='ltr'><strong><em>ὄντι,</em></strong></span> <span class='ocrx_word' id='word_1_10' title='bbox 1207 206 1266 261; x_wconf 82' lang='grc' dir='ltr'><strong><em>τῷ</em></strong></span> <span class='ocrx_word' id='word_1_11' title='bbox 1298 202 1343 245; x_wconf 78' lang='grc' dir='ltr'><strong><em>δὲ</em></strong></span> <span class='ocrx_word' id='word_1_12' title='bbox 1363 203 1406 244; x_wconf 93' lang='grc' dir='ltr'><em>Γ</em></span> <span class='ocrx_word' id='word_1_13' title='bbox 1401 199 1606 263; x_wconf 71' lang='grc' dir='ltr'><strong><em>ουλοῦσσα</em></strong></span> <span class='ocrx_word' id='word_1_14' title='bbox 1637 206 1759 245; x_wconf 72' lang='grc' dir='ltr'><strong><em>πολε·</em></strong></span> <span class='ocrx_word' id='word_1_15' title='bbox 1800 232 1801 236; x_wconf 66' lang='lat'>,</span> 
     </span>
     <span class='ocr_line' id='line_1_3' title="bbox 283 268 1759 329; baseline 0 -17"><span class='ocrx_word' id='word_1_16' title='bbox 283 276 390 328; x_wconf 78' lang='grc' dir='ltr'><strong><em>μικῷ</em></strong></span> <span class='ocrx_word' id='word_1_17' title='bbox 411 268 646 326; x_wconf 81' lang='grc' dir='ltr'><em>τυγχάνοντι</em></span> <span class='ocrx_word' id='word_1_18' title='bbox 669 271 742 323; x_wconf 80' lang='grc' dir='ltr'><strong><em>τὰς</em></strong></span> <span class='ocrx_word' id='word_1_19' title='bbox 766 270 956 327; x_wconf 82' lang='grc' dir='ltr'><strong><em>δυνάμεις</em></strong></span> <span class='ocrx_word' id='word_1_20' title='bbox 979 272 1200 328; x_wconf 77' lang='grc' dir='ltr'><strong><em>παρέδωκε.</em></strong></span> <span class='ocrx_word' id='word_1_21' title='bbox 1234 276 1319 321; x_wconf 76' lang='grc' dir='ltr'><strong><em>τοῖς</em></strong></span> <span class='ocrx_word' id='word_1_22' title='bbox 1341 269 1383 313; x_wconf 72' lang='grc' dir='ltr'><strong><em>δ’</em></strong></span> <span class='ocrx_word' id='word_1_23' title='bbox 1409 271 1602 329; x_wconf 76' lang='grc' dir='ltr'><strong><em>ἀδελφοῖς</em></strong></span> <span class='ocrx_word' id='word_1_24' title='bbox 1625 270 1759 314; x_wconf 77' lang='grc' dir='ltr'><strong><em>αὐτῶν</em></strong></span> 
     </span>
     <span class='ocr_line' id='line_1_4' title="bbox 284 333 1758 396; baseline 0.001 -16"><span class='ocrx_word' id='word_1_25' title='bbox 284 342 447 388; x_wconf 79' lang='grc' dir='ltr'><strong><em>πολλοῖς</em></strong></span> <span class='ocrx_word' id='word_1_26' title='bbox 470 333 560 381; x_wconf 73' lang='grc' dir='ltr'><strong><em>οὖσι</em></strong></span> <span class='ocrx_word' id='word_1_27' title='bbox 583 338 718 390; x_wconf 77' lang='grc' dir='ltr'><strong><em>πόλεις</em></strong></span> <span class='ocrx_word' id='word_1_28' title='bbox 741 340 853 390; x_wconf 74' lang='grc' dir='ltr'><strong><em>τινας</em></strong></span> <span class='ocrx_word' id='word_1_29' title='bbox 876 342 942 382; x_wconf 84' lang='grc' dir='ltr'><strong><em>καὶ</em></strong></span> <span class='ocrx_word' id='word_1_30' title='bbox 961 338 1104 396; x_wconf 84' lang='grc' dir='ltr'><strong><em>χώρας</em></strong></span> <span class='ocrx_word' id='word_1_31' title='bbox 1128 338 1268 394; x_wconf 68' lang='grc' dir='ltr'><strong><em>ἔνειμε.</em></strong></span> <span class='ocrx_word' id='word_1_32' title='bbox 1311 339 1380 381; x_wconf 81' lang='grc' dir='ltr'><strong><em>καὶ</em></strong></span> <span class='ocrx_word' id='word_1_33' title='bbox 1401 338 1471 382; x_wconf 80' lang='grc' dir='ltr'><strong><em>τὸν</em></strong></span> <span class='ocrx_word' id='word_1_34' title='bbox 1492 341 1534 381; x_wconf 90' lang='grc' dir='ltr'><em>Γ</em></span> <span class='ocrx_word' id='word_1_35' title='bbox 1529 337 1758 383; x_wconf 76' lang='grc' dir='ltr'><strong><em>ουλούσσαν</em></strong></span> 
     </span>
     <span class='ocr_line' id='line_1_5' title="bbox 284 406 1108 464; baseline 0 -15"><span class='ocrx_word' id='word_1_36' title='bbox 284 406 537 464; x_wconf 80' lang='grc' dir='ltr'><strong><em>παραλαβὼν</em></strong></span> <span class='ocrx_word' id='word_1_37' title='bbox 559 407 661 464; x_wconf 85' lang='grc' dir='ltr'><strong><em>πρὸς</em></strong></span> <span class='ocrx_word' id='word_1_38' title='bbox 683 408 753 451; x_wconf 86' lang='grc' dir='ltr'><strong><em>τὸν</em></strong></span> <span class='ocrx_word' id='word_1_39' title='bbox 773 406 927 450; x_wconf 74' lang='grc' dir='ltr'><strong><em>ὕπατον</em></strong></span> <span class='ocrx_word' id='word_1_40' title='bbox 948 407 1108 463; x_wconf 77' lang='grc' dir='ltr'><strong><em>ἤγαγεν.</em></strong></span> 
     </span>
    </p>

    <p class='ocr_par' dir='ltr' id='par_1_3' title="bbox 283 473 1793 736">
     <span class='ocr_line' id='line_1_6' title="bbox 418 473 1793 533; baseline -0.001 -15"><span class='ocrx_word' id='word_1_41' title='bbox 418 475 662 533; x_wconf 77' lang='grc' dir='ltr'><strong><em>Ἀρχομένου</em></strong></span> <span class='ocrx_word' id='word_1_42' title='bbox 696 477 741 518; x_wconf 81' lang='grc' dir='ltr'><strong><em>δὲ</em></strong></span> <span class='ocrx_word' id='word_1_43' title='bbox 771 481 843 519; x_wconf 79' lang='grc' dir='ltr'><strong><em>τοῦ</em></strong></span> <span class='ocrx_word' id='word_1_44' title='bbox 875 475 993 533; x_wconf 67' lang='grc' dir='ltr'><strong><em>ἔαρος</em></strong></span> <span class='ocrx_word' id='word_1_45' title='bbox 1023 477 1087 518; x_wconf 77' lang='grc' dir='ltr'><strong><em>ἐπὶ</em></strong></span> <span class='ocrx_word' id='word_1_46' title='bbox 1118 474 1214 525; x_wconf 77' lang='grc' dir='ltr'><strong><em>τοὺς</em></strong></span> <span class='ocrx_word' id='word_1_47' title='bbox 1236 477 1316 516; x_wconf 84' lang='grc' dir='ltr'><strong><em>τῶν</em></strong></span> <span class='ocrx_word' id='word_1_48' title='bbox 1339 473 1631 530; x_wconf 75' lang='grc' dir='ltr'><strong><em>Καρχηδονίων</em></strong></span> <span class='ocrx_word' id='word_1_49' title='bbox 1653 481 1793 526; x_wconf 52' lang='lat' dir='ltr'><strong>ovat-5</strong></span> 
     </span>
     <span class='ocr_line' id='line_1_7' title="bbox 285 539 1762 601; baseline -0.001 -17"><span class='ocrx_word' id='word_1_50' title='bbox 285 542 445 597; x_wconf 82' lang='grc' dir='ltr'><strong><em>μάχους</em></strong></span> <span class='ocrx_word' id='word_1_51' title='bbox 478 541 748 600; x_wconf 73' lang='grc' dir='ltr'><strong><em>ἐστράτευσαν</em></strong></span> <span class='ocrx_word' id='word_1_52' title='bbox 758 576 772 596; x_wconf 91' lang='grc'><strong><em>,</em></strong></span> <span class='ocrx_word' id='word_1_53' title='bbox 815 546 883 586; x_wconf 85' lang='grc' dir='ltr'><strong><em>καὶ</em></strong></span> <span class='ocrx_word' id='word_1_54' title='bbox 914 543 1090 594; x_wconf 75' lang='grc' dir='ltr'><strong><em>πολλοὺς</em></strong></span> <span class='ocrx_word' id='word_1_55' title='bbox 1122 543 1196 598; x_wconf 78' lang='grc' dir='ltr'><strong><em>μὲν</em></strong></span> <span class='ocrx_word' id='word_1_56' title='bbox 1229 542 1362 585; x_wconf 75' lang='grc' dir='ltr'><strong><em>αὐτῶν</em></strong></span> <span class='ocrx_word' id='word_1_57' title='bbox 1389 543 1486 601; x_wconf 72' lang='grc' dir='ltr'><strong><em>βίᾳ,</em></strong></span> <span class='ocrx_word' id='word_1_58' title='bbox 1519 539 1695 591; x_wconf 70' lang='grc' dir='ltr'><strong><em>πολλοὺς</em></strong></span> <span class='ocrx_word' id='word_1_59' title='bbox 1717 541 1762 583; x_wconf 77' lang='grc' dir='ltr'><strong><em>δὲ</em></strong></span> 
     </span>
     <span class='ocr_line' id='line_1_8' title="bbox 285 605 1760 670; baseline -0.001 -18"><span class='ocrx_word' id='word_1_60' title='bbox 285 609 494 670; x_wconf 68' lang='grc' dir='ltr'><strong><em>ὁμολογία,</em></strong></span> <span class='ocrx_word' id='word_1_61' title='bbox 530 613 597 654; x_wconf 83' lang='grc' dir='ltr'><strong><em>καὶ</em></strong></span> <span class='ocrx_word' id='word_1_62' title='bbox 618 610 798 666; x_wconf 80' lang='grc' dir='ltr'><strong><em>μάλιστα</em></strong></span> <span class='ocrx_word' id='word_1_63' title='bbox 821 611 843 655; x_wconf 82' lang='grc' dir='ltr'><em>ὃ</em></span> <span class='ocrx_word' id='word_1_64' title='bbox 868 612 1059 663; x_wconf 84' lang='grc' dir='ltr'><strong><em>Σκιπίων,</em></strong></span> <span class='ocrx_word' id='word_1_65' title='bbox 1092 609 1411 669; x_wconf 85' lang='grc' dir='ltr'><strong><em>παρεστήσαντο.</em></strong></span> <span class='ocrx_word' id='word_1_66' title='bbox 1479 607 1535 660; x_wconf 80' lang='grc' dir='ltr'><strong><em>ὡς</em></strong></span> <span class='ocrx_word' id='word_1_67' title='bbox 1556 609 1601 652; x_wconf 77' lang='grc' dir='ltr'><strong><em>δὲ</em></strong></span> <span class='ocrx_word' id='word_1_68' title='bbox 1623 605 1645 652; x_wconf 82' lang='grc' dir='ltr'><strong>ὃ</strong></span> <span class='ocrx_word' id='word_1_69' title='bbox 1666 610 1760 650; x_wconf 85' lang='grc' dir='ltr'><strong><em>Φα-</em></strong></span> 
     </span>
     <span class='ocr_line' id='line_1_9' title="bbox 283 676 1759 736; baseline -0.001 -15"><span class='ocrx_word' id='word_1_70' title='bbox 283 680 386 734; x_wconf 78' lang='grc' dir='ltr'><strong><em>μέας</em></strong></span> <span class='ocrx_word' id='word_1_71' title='bbox 409 680 608 735; x_wconf 75' lang='grc' dir='ltr'><strong><em>ἀπογνοὺς</em></strong></span> <span class='ocrx_word' id='word_1_72' title='bbox 632 680 684 722; x_wconf 82' lang='grc' dir='ltr'><strong><em>τὰ</em></strong></span> <span class='ocrx_word' id='word_1_73' title='bbox 700 685 781 722; x_wconf 83' lang='grc' dir='ltr'><strong><em>τῶν</em></strong></span> <span class='ocrx_word' id='word_1_74' title='bbox 799 681 1094 736; x_wconf 81' lang='grc' dir='ltr'><strong><em>Καρχηδονίων</em></strong></span> <span class='ocrx_word' id='word_1_75' title='bbox 1112 680 1213 736; x_wconf 83' lang='grc' dir='ltr'><strong><em>πρὸς</em></strong></span> <span class='ocrx_word' id='word_1_76' title='bbox 1231 678 1326 728; x_wconf 77' lang='grc' dir='ltr'><strong><em>τοὺς</em></strong></span> <span class='ocrx_word' id='word_1_77' title='bbox 1336 676 1759 731; x_wconf 15' lang='grc' dir='ltr'><strong><em>Ῥωμαίουςιᾶπέκλινε</em></strong></span> 
     </span>
    </p>

    <p class='ocr_par' dir='ltr' id='par_1_4' title="bbox 78 742 1789 1353">
     <span class='ocr_line' id='line_1_10' title="bbox 235 742 1760 805; baseline -0.001 -16"><span class='ocrx_word' id='word_1_78' title='bbox 235 745 239 754; x_wconf 76' lang='lat'>&#39;</span> <span class='ocrx_word' id='word_1_79' title='bbox 285 749 351 789; x_wconf 83' lang='grc' dir='ltr'><strong><em>καὶ</em></strong></span> <span class='ocrx_word' id='word_1_80' title='bbox 385 750 441 798; x_wconf 72' lang='grc' dir='ltr'><strong><em>εἷς</em></strong></span> <span class='ocrx_word' id='word_1_81' title='bbox 477 746 622 803; x_wconf 88' lang='grc' dir='ltr'><strong><em>λόγους</em></strong></span> <span class='ocrx_word' id='word_1_82' title='bbox 651 751 710 805; x_wconf 77' lang='grc' dir='ltr'><strong><em>τῷ</em></strong></span> <span class='ocrx_word' id='word_1_83' title='bbox 733 750 925 790; x_wconf 84' lang='grc' dir='ltr'><strong><em>Σκιπίωνι</em></strong></span> <span class='ocrx_word' id='word_1_84' title='bbox 957 743 1086 802; x_wconf 74' lang='grc' dir='ltr'><strong><em>ἦλθε,</em></strong></span> <span class='ocrx_word' id='word_1_85' title='bbox 1129 746 1219 790; x_wconf 86' lang='grc' dir='ltr'><strong><em>τότε</em></strong></span> <span class='ocrx_word' id='word_1_86' title='bbox 1242 750 1309 788; x_wconf 83' lang='grc' dir='ltr'><strong><em>καὶ</em></strong></span> <span class='ocrx_word' id='word_1_87' title='bbox 1332 747 1395 788; x_wconf 71' lang='grc' dir='ltr'><strong><em>ἐπὶ</em></strong></span> <span class='ocrx_word' id='word_1_88' title='bbox 1418 745 1489 788; x_wconf 84' lang='grc' dir='ltr'><strong><em>τὸν</em></strong></span> <span class='ocrx_word' id='word_1_89' title='bbox 1506 742 1760 800; x_wconf 76' lang='grc' dir='ltr'><strong><em>Ἀσδρούβαν</em></strong></span> 
     </span>
     <span class='ocr_line' id='line_1_11' title="bbox 78 805 1789 887; baseline -0.002 -29"><span class='ocrx_word' id='word_1_90' title='bbox 78 805 126 837; x_wconf 82' lang='lat' dir='ltr'>W</span> <span class='ocrx_word' id='word_1_91' title='bbox 144 805 179 839; x_wconf 78' lang='grc' dir='ltr'>Π</span> <span class='ocrx_word' id='word_1_92' title='bbox 194 806 262 887; x_wconf 55' lang='grc'><strong><em>113</em></strong></span> <span class='ocrx_word' id='word_1_93' title='bbox 285 814 455 865; x_wconf 75' lang='grc' dir='ltr'><strong><em>ἅπαντες</em></strong></span> <span class='ocrx_word' id='word_1_94' title='bbox 478 813 686 872; x_wconf 81' lang='grc' dir='ltr'><strong><em>ὥρμησαν.</em></strong></span> <span class='ocrx_word' id='word_1_95' title='bbox 722 818 787 858; x_wconf 82' lang='grc' dir='ltr'><strong><em>καὶ</em></strong></span> <span class='ocrx_word' id='word_1_96' title='bbox 813 816 1059 871; x_wconf 76' lang='grc' dir='ltr'><strong><em>προσέμιξαν</em></strong></span> <span class='ocrx_word' id='word_1_97' title='bbox 1081 817 1154 870; x_wconf 71' lang='grc' dir='ltr'><strong><em>μὲν</em></strong></span> <span class='ocrx_word' id='word_1_98' title='bbox 1176 819 1234 872; x_wconf 79' lang='grc' dir='ltr'><strong><em>τῷ</em></strong></span> <span class='ocrx_word' id='word_1_99' title='bbox 1258 815 1442 872; x_wconf 80' lang='grc' dir='ltr'><strong><em>φρουρίῳ</em></strong></span> <span class='ocrx_word' id='word_1_100' title='bbox 1470 819 1636 868; x_wconf 88' lang='grc' dir='ltr'><strong><em>συχναΐς</em></strong></span> <span class='ocrx_word' id='word_1_101' title='bbox 1656 810 1789 867; x_wconf 60' lang='grc' dir='ltr'>ἧκέ-1</span> 
     </span>
     <span class='ocr_line' id='line_1_12' title="bbox 285 879 1776 941; baseline -0.001 -16"><span class='ocrx_word' id='word_1_102' title='bbox 285 901 399 941; x_wconf 87' lang='grc' dir='ltr'><strong><em>ραις,</em></strong></span> <span class='ocrx_word' id='word_1_103' title='bbox 444 882 705 926; x_wconf 74' lang='grc' dir='ltr'><strong><em>ἐπιλιπόντων</em></strong></span> <span class='ocrx_word' id='word_1_104' title='bbox 741 885 784 926; x_wconf 70' lang='grc' dir='ltr'><strong><em>δὲ</em></strong></span> <span class='ocrx_word' id='word_1_105' title='bbox 809 884 956 934; x_wconf 76' lang='grc' dir='ltr'><strong><em>αὐτοὺς</em></strong></span> <span class='ocrx_word' id='word_1_106' title='bbox 977 889 1059 927; x_wconf 84' lang='grc' dir='ltr'><strong><em>τῶν</em></strong></span> <span class='ocrx_word' id='word_1_107' title='bbox 1081 884 1309 938; x_wconf 73' lang='grc' dir='ltr'><strong><em>ἀναγκαίων</em></strong></span> <span class='ocrx_word' id='word_1_108' title='bbox 1333 879 1592 938; x_wconf 76' lang='grc' dir='ltr'><strong><em>ἀνεχώρησαν</em></strong></span> <span class='ocrx_word' id='word_1_109' title='bbox 1617 880 1776 938; x_wconf 80' lang='grc' dir='ltr'><strong><em>εὔπρε-“</em></strong></span> 
     </span>
     <span class='ocr_line' id='line_1_13' title="bbox 285 947 1761 1011; baseline -0.001 -18"><span class='ocrx_word' id='word_1_110' title='bbox 285 956 384 1001; x_wconf 82' lang='grc' dir='ltr'><strong><em>πῶς.</em></strong></span> <span class='ocrx_word' id='word_1_111' title='bbox 452 952 679 1008; x_wconf 76' lang='grc' dir='ltr'><strong><em>προσέβαλε</em></strong></span> <span class='ocrx_word' id='word_1_112' title='bbox 711 952 789 1008; x_wconf 84' lang='grc' dir='ltr'><strong><em>γὰρ</em></strong></span> <span class='ocrx_word' id='word_1_113' title='bbox 824 952 962 1001; x_wconf 77' lang='grc' dir='ltr'><strong><em>αὐτοῖς</em></strong></span> <span class='ocrx_word' id='word_1_114' title='bbox 995 950 1016 994; x_wconf 83' lang='grc' dir='ltr'><strong><em>ὃ</em></strong></span> <span class='ocrx_word' id='word_1_115' title='bbox 1054 952 1225 1006; x_wconf 80' lang='grc' dir='ltr'><strong><em>Φαμέας</em></strong></span> <span class='ocrx_word' id='word_1_116' title='bbox 1255 948 1593 1011; x_wconf 69' lang='grc' dir='ltr'><strong><em>προσεδρεύουσιν</em></strong></span> <span class='ocrx_word' id='word_1_117' title='bbox 1624 947 1681 992; x_wconf 65' lang='grc' dir='ltr'><strong><em>ἔτι</em></strong></span> <span class='ocrx_word' id='word_1_118' title='bbox 1705 947 1761 999; x_wconf 82' lang='grc' dir='ltr'><strong><em>ὥς</em></strong></span> 
     </span>
     <span class='ocr_line' id='line_1_14' title="bbox 283 1015 1759 1078; baseline -0.002 -17"><span class='ocrx_word' id='word_1_119' title='bbox 283 1017 524 1074; x_wconf 80' lang='grc' dir='ltr'><strong><em>πολεμήσων</em></strong></span> <span class='ocrx_word' id='word_1_120' title='bbox 547 1021 613 1061; x_wconf 82' lang='grc' dir='ltr'><strong><em>καὶ</em></strong></span> <span class='ocrx_word' id='word_1_121' title='bbox 638 1021 679 1062; x_wconf 75' lang='grc' dir='ltr'><strong><em>ἓν</em></strong></span> <span class='ocrx_word' id='word_1_122' title='bbox 701 1025 759 1077; x_wconf 83' lang='grc' dir='ltr'><strong><em>τῷ</em></strong></span> <span class='ocrx_word' id='word_1_123' title='bbox 783 1019 886 1078; x_wconf 62' lang='grc' dir='ltr'><strong><em>ἔργῳ</em></strong></span> <span class='ocrx_word' id='word_1_124' title='bbox 908 1021 1012 1074; x_wconf 71' lang='grc' dir='ltr'><strong><em>μεθ’</em></strong></span> <span class='ocrx_word' id='word_1_125' title='bbox 1040 1020 1191 1062; x_wconf 75' lang='grc' dir='ltr'><strong><em>ἱππέων</em></strong></span> <span class='ocrx_word' id='word_1_126' title='bbox 1213 1023 1331 1061; x_wconf 81' lang='grc' dir='ltr'><strong><em>τινῶν</em></strong></span> <span class='ocrx_word' id='word_1_127' title='bbox 1351 1015 1616 1073; x_wconf 79' lang='grc' dir='ltr'><strong><em>ηὗτομόλησε.</em></strong></span> <span class='ocrx_word' id='word_1_128' title='bbox 1662 1017 1759 1059; x_wconf 85' lang='grc' dir='ltr'><strong><em>κάν-</em></strong></span> 
     </span>
     <span class='ocr_line' id='line_1_15' title="bbox 282 1084 1760 1143; baseline -0.003 -12"><span class='ocrx_word' id='word_1_129' title='bbox 282 1092 428 1131; x_wconf 72' lang='grc' dir='ltr'><strong><em>τεῦθεν</em></strong></span> <span class='ocrx_word' id='word_1_130' title='bbox 451 1089 656 1138; x_wconf 87' lang='grc' dir='ltr'><strong><em>Μανίλιος</em></strong></span> <span class='ocrx_word' id='word_1_131' title='bbox 687 1089 762 1143; x_wconf 73' lang='grc' dir='ltr'><strong><em>μὲν</em></strong></span> <span class='ocrx_word' id='word_1_132' title='bbox 795 1090 850 1138; x_wconf 83' lang='grc' dir='ltr'><strong><em>εἷς</em></strong></span> <span class='ocrx_word' id='word_1_133' title='bbox 883 1088 956 1142; x_wconf 86' lang='grc' dir='ltr'><strong><em>τὴν</em></strong></span> <span class='ocrx_word' id='word_1_134' title='bbox 984 1088 1160 1142; x_wconf 79' lang='grc' dir='ltr'><strong><em>Οὗτικὴν</em></strong></span> <span class='ocrx_word' id='word_1_135' title='bbox 1192 1087 1327 1129; x_wconf 76' lang='grc' dir='ltr'><strong><em>ἐλθὼν</em></strong></span> <span class='ocrx_word' id='word_1_136' title='bbox 1349 1084 1548 1142; x_wconf 74' lang='grc' dir='ltr'><strong><em>ἡσύχαζε,</em></strong></span> <span class='ocrx_word' id='word_1_137' title='bbox 1582 1086 1760 1128; x_wconf 82' lang='grc' dir='ltr'><strong><em>Σκιπίων</em></strong></span> 
     </span>
     <span class='ocr_line' id='line_1_16' title="bbox 285 1152 1789 1212; baseline -0.002 -14"><span class='ocrx_word' id='word_1_138' title='bbox 285 1157 330 1198; x_wconf 76' lang='grc' dir='ltr'><strong><em>δὲ</em></strong></span> <span class='ocrx_word' id='word_1_139' title='bbox 366 1156 435 1197; x_wconf 84' lang='grc' dir='ltr'><strong><em>τὸν</em></strong></span> <span class='ocrx_word' id='word_1_140' title='bbox 461 1156 632 1210; x_wconf 77' lang='grc' dir='ltr'><strong><em>Φαμέαν</em></strong></span> <span class='ocrx_word' id='word_1_141' title='bbox 667 1158 732 1206; x_wconf 71' lang='grc' dir='ltr'><strong><em>εἷς,</em></strong></span> <span class='ocrx_word' id='word_1_142' title='bbox 756 1156 830 1208; x_wconf 84' lang='grc' dir='ltr'><strong><em>τὴν</em></strong></span> <span class='ocrx_word' id='word_1_143' title='bbox 846 1154 1006 1212; x_wconf 82' lang='grc' dir='ltr'><strong><em>Ῥώμην</em></strong></span> <span class='ocrx_word' id='word_1_144' title='bbox 1039 1154 1235 1211; x_wconf 79' lang='grc' dir='ltr'><strong><em>ἀνήγαγε·</em></strong></span> <span class='ocrx_word' id='word_1_145' title='bbox 1271 1156 1337 1197; x_wconf 80' lang='grc' dir='ltr'><strong><em>καὶ</em></strong></span> <span class='ocrx_word' id='word_1_146' title='bbox 1370 1152 1492 1204; x_wconf 72' lang='grc' dir='ltr'><strong><em>αὐτός</em></strong></span> <span class='ocrx_word' id='word_1_147' title='bbox 1513 1171 1555 1197; x_wconf 89' lang='grc' dir='ltr'><strong><em>τε</em></strong></span> <span class='ocrx_word' id='word_1_148' title='bbox 1578 1154 1789 1210; x_wconf 53' lang='lat' dir='ltr'><strong><em>&amp;tm-*51⁰1</em></strong></span> 
     </span>
     <span class='ocr_line' id='line_1_17' title="bbox 285 1222 1761 1282; baseline -0.001 -16"><span class='ocrx_word' id='word_1_149' title='bbox 285 1225 352 1266; x_wconf 82' lang='grc' dir='ltr'><strong><em>καὶ</em></strong></span> <span class='ocrx_word' id='word_1_150' title='bbox 376 1222 397 1266; x_wconf 83' lang='grc' dir='ltr'><strong>ὅ</strong></span> <span class='ocrx_word' id='word_1_151' title='bbox 425 1224 595 1279; x_wconf 78' lang='grc' dir='ltr'><strong><em>Φαμέας</em></strong></span> <span class='ocrx_word' id='word_1_152' title='bbox 617 1225 803 1279; x_wconf 86' lang='grc' dir='ltr'><strong><em>τετίμητο</em></strong></span> <span class='ocrx_word' id='word_1_153' title='bbox 828 1222 930 1268; x_wconf 75' lang='grc' dir='ltr'><strong><em>ὥστε</em></strong></span> <span class='ocrx_word' id='word_1_154' title='bbox 953 1226 1021 1267; x_wconf 83' lang='grc' dir='ltr'><strong><em>καὶ</em></strong></span> <span class='ocrx_word' id='word_1_155' title='bbox 1040 1226 1082 1267; x_wconf 76' lang='grc' dir='ltr'><strong><em>ἐν</em></strong></span> <span class='ocrx_word' id='word_1_156' title='bbox 1098 1229 1157 1282; x_wconf 74' lang='grc' dir='ltr'><strong><em>τῷ</em></strong></span> <span class='ocrx_word' id='word_1_157' title='bbox 1171 1224 1448 1281; x_wconf 77' lang='grc' dir='ltr'><strong><em>βουλευτηρίῳ</em></strong></span> <span class='ocrx_word' id='word_1_158' title='bbox 1466 1225 1761 1278; x_wconf 73' lang='grc' dir='ltr'><strong><em>συγκαθῆσθαι</em></strong></span> 
     </span>
     <span class='ocr_line' id='line_1_18' title="bbox 284 1293 560 1353; baseline 0 -19"><span class='ocrx_word' id='word_1_159' title='bbox 284 1296 335 1349; x_wconf 80' lang='grc' dir='ltr'><strong><em>τῇ</em></strong></span> <span class='ocrx_word' id='word_1_160' title='bbox 358 1293 560 1353; x_wconf 71' lang='grc' dir='ltr'><strong><em>γερουσία.</em></strong></span> 
     </span>
    </p>

    <p class='ocr_par' dir='ltr' id='par_1_5' title="bbox 285 1356 1791 1551">
     <span class='ocr_line' id='line_1_19' title="bbox 421 1356 1760 1416; baseline -0.002 -14"><span class='ocrx_word' id='word_1_161' title='bbox 421 1361 491 1403; x_wconf 80' lang='grc'><strong><em>28.</em></strong></span> <span class='ocrx_word' id='word_1_162' title='bbox 562 1358 668 1403; x_wconf 83' lang='grc' dir='ltr'><strong><em>Ίότε</em></strong></span> <span class='ocrx_word' id='word_1_163' title='bbox 703 1360 748 1402; x_wconf 77' lang='grc' dir='ltr'><strong><em>δὲ</em></strong></span> <span class='ocrx_word' id='word_1_164' title='bbox 781 1361 1009 1416; x_wconf 75' lang='grc' dir='ltr'><strong><em>συνηνέχθη</em></strong></span> <span class='ocrx_word' id='word_1_165' title='bbox 1033 1361 1102 1402; x_wconf 88' lang='grc' dir='ltr'><strong><em>καὶ</em></strong></span> <span class='ocrx_word' id='word_1_166' title='bbox 1123 1359 1175 1403; x_wconf 79' lang='grc' dir='ltr'><strong><em>τὰ</em></strong></span> <span class='ocrx_word' id='word_1_167' title='bbox 1198 1358 1303 1402; x_wconf 81' lang='grc' dir='ltr'><strong><em>κατὰ</em></strong></span> <span class='ocrx_word' id='word_1_168' title='bbox 1325 1358 1396 1401; x_wconf 84' lang='grc' dir='ltr'><strong><em>τὸν</em></strong></span> <span class='ocrx_word' id='word_1_169' title='bbox 1417 1357 1644 1415; x_wconf 84' lang='grc' dir='ltr'><strong><em>Προυσίαν.</em></strong></span> <span class='ocrx_word' id='word_1_170' title='bbox 1714 1356 1760 1408; x_wconf 74' lang='grc' dir='ltr'><strong><em>ὃς</em></strong></span> 
     </span>
     <span class='ocr_line' id='line_1_20' title="bbox 285 1422 1759 1486; baseline -0.002 -16"><span class='ocrx_word' id='word_1_171' title='bbox 285 1429 412 1485; x_wconf 78' lang='grc' dir='ltr'><strong><em>γέρων</em></strong></span> <span class='ocrx_word' id='word_1_172' title='bbox 447 1427 503 1471; x_wconf 77' lang='grc' dir='ltr'><strong><em>ὢν</em></strong></span> <span class='ocrx_word' id='word_1_173' title='bbox 535 1430 603 1470; x_wconf 83' lang='grc' dir='ltr'><strong><em>καὶ</em></strong></span> <span class='ocrx_word' id='word_1_174' title='bbox 636 1427 732 1478; x_wconf 75' lang='grc' dir='ltr'><strong><em>τοὺς</em></strong></span> <span class='ocrx_word' id='word_1_175' title='bbox 762 1427 938 1485; x_wconf 87' lang='grc' dir='ltr'><strong><em>τρόπους</em></strong></span> <span class='ocrx_word' id='word_1_176' title='bbox 960 1429 1114 1486; x_wconf 83' lang='grc' dir='ltr'><strong><em>τραχὺς</em></strong></span> <span class='ocrx_word' id='word_1_177' title='bbox 1135 1422 1326 1485; x_wconf 71' lang='grc' dir='ltr'><strong><em>ἐφοβήθη</em></strong></span> <span class='ocrx_word' id='word_1_178' title='bbox 1349 1426 1445 1476; x_wconf 77' lang='grc' dir='ltr'><strong><em>τοὺς</em></strong></span> <span class='ocrx_word' id='word_1_179' title='bbox 1466 1425 1679 1476; x_wconf 77' lang='grc' dir='ltr'><strong><em>Βιθυνοὺς</em></strong></span> <span class='ocrx_word' id='word_1_180' title='bbox 1700 1424 1759 1480; x_wconf 87' lang='grc' dir='ltr'><strong><em>μὴ</em></strong></span> 
     </span>
     <span class='ocr_line' id='line_1_21' title="bbox 289 1491 1791 1551; baseline -0.001 -11"><span class='ocrx_word' id='word_1_181' title='bbox 289 1501 362 1551; x_wconf 79' lang='grc' dir='ltr'><strong><em>τῆς</em></strong></span> <span class='ocrx_word' id='word_1_182' title='bbox 387 1498 598 1551; x_wconf 88' lang='grc' dir='ltr'><strong><em>βασιλείας</em></strong></span> <span class='ocrx_word' id='word_1_183' title='bbox 633 1497 756 1539; x_wconf 75' lang='grc' dir='ltr'><strong><em>αὐτὸν</em></strong></span> <span class='ocrx_word' id='word_1_184' title='bbox 779 1495 980 1551; x_wconf 77' lang='grc' dir='ltr'><strong><em>ἐκβάλωσι</em></strong></span> <span class='ocrx_word' id='word_1_185' title='bbox 988 1529 1002 1549; x_wconf 87' lang='grc'><strong><em>,</em></strong></span> <span class='ocrx_word' id='word_1_186' title='bbox 1045 1496 1115 1539; x_wconf 84' lang='grc' dir='ltr'><strong><em>τὸν</em></strong></span> <span class='ocrx_word' id='word_1_187' title='bbox 1137 1493 1355 1550; x_wconf 78' lang='grc' dir='ltr'><strong><em>Νικομήδη</em></strong></span> <span class='ocrx_word' id='word_1_188' title='bbox 1381 1494 1451 1537; x_wconf 80' lang='grc' dir='ltr'><strong><em>τὸν</em></strong></span> <span class='ocrx_word' id='word_1_189' title='bbox 1472 1493 1561 1536; x_wconf 56' lang='lat' dir='ltr'><strong>vibat</strong></span> <span class='ocrx_word' id='word_1_190' title='bbox 1583 1491 1791 1538; x_wconf 56' lang='lat' dir='ltr'><strong>&amp;vasaei-2</strong></span> 
     </span>
    </p>

    <p class='ocr_par' dir='ltr' id='par_1_6' title="bbox 231 1559 1762 1623">
     <span class='ocr_line' id='line_1_22' title="bbox 231 1559 1762 1623; baseline -0.003 -14"><span class='ocrx_word' id='word_1_191' title='bbox 231 1574 264 1609; x_wconf 90' lang='lat' dir='ltr'>D</span> <span class='ocrx_word' id='word_1_192' title='bbox 286 1581 415 1620; x_wconf 82' lang='grc' dir='ltr'><strong><em>μενοι.</em></strong></span> <span class='ocrx_word' id='word_1_193' title='bbox 485 1566 552 1607; x_wconf 80' lang='grc' dir='ltr'><strong><em>καὶ</em></strong></span> <span class='ocrx_word' id='word_1_194' title='bbox 585 1562 690 1607; x_wconf 83' lang='grc' dir='ltr'><strong><em>κατά</em></strong></span> <span class='ocrx_word' id='word_1_195' title='bbox 719 1582 808 1606; x_wconf 90' lang='grc' dir='ltr'><strong><em>τινα</em></strong></span> <span class='ocrx_word' id='word_1_196' title='bbox 840 1564 1048 1623; x_wconf 85' lang='grc' dir='ltr'><strong><em>πρόφασιν</em></strong></span> <span class='ocrx_word' id='word_1_197' title='bbox 1078 1563 1255 1619; x_wconf 65' lang='grc' dir='ltr'><strong><em>ἔπεμψεν</em></strong></span> <span class='ocrx_word' id='word_1_198' title='bbox 1289 1566 1344 1615; x_wconf 79' lang='grc' dir='ltr'><strong><em>εἷς</em></strong></span> <span class='ocrx_word' id='word_1_199' title='bbox 1364 1563 1439 1618; x_wconf 85' lang='grc' dir='ltr'><strong><em>τὴν</em></strong></span> <span class='ocrx_word' id='word_1_200' title='bbox 1454 1559 1762 1618; x_wconf 70' lang='grc' dir='ltr'><strong><em>Ῥώμην.αὗτόν</em></strong></span> 
     </span>
    </p>
   </div>
   <div class='ocr_carea' id='block_1_3' title="bbox 1785 0 1820 1581">
    <p class='ocr_par' dir='ltr' id='par_1_7' title="bbox 1785 0 1820 1581">
     <span class='ocr_line' id='line_1_23' title="bbox 1785 0 1820 1122; baseline 0 -679"><span class='ocrx_word' id='word_1_201' title='bbox 1785 0 1820 1122; x_wconf 95' lang='lat' dir='ltr'><strong><em>     </em></strong></span> 
     </span>
     <span class='ocr_line' id='line_1_24' title="bbox 1785 1122 1820 1581; baseline 0 0"><span class='ocrx_word' id='word_1_202' title='bbox 1785 1122 1820 1581; x_wconf 95' lang='lat' dir='ltr'><strong><em>   </em></strong></span> 
     </span>
    </p>
   </div>
   <div class='ocr_carea' id='block_1_4' title="bbox 372 1678 1820 1956">
    <p class='ocr_par' dir='ltr' id='par_1_8' title="bbox 372 1678 1820 1956">
     <span class='ocr_line' id='line_1_25' title="bbox 378 1678 1762 1727; baseline -0.002 -10"><span class='ocrx_word' id='word_1_203' title='bbox 378 1684 399 1718; x_wconf 93' lang='grc'>1</span> <span class='ocrx_word' id='word_1_204' title='bbox 421 1681 575 1726; x_wconf 77' lang='grc' dir='ltr'><strong><em>κρίνειν]</em></strong></span> <span class='ocrx_word' id='word_1_205' title='bbox 600 1681 729 1716; x_wconf 84' lang='grc' dir='ltr'><strong><em>τοίνυν</em></strong></span> <span class='ocrx_word' id='word_1_206' title='bbox 744 1681 788 1716; x_wconf 92' lang='grc' dir='ltr'><strong><em>Α.</em></strong></span> <span class='ocrx_word' id='word_1_207' title='bbox 926 1678 1111 1727; x_wconf 74' lang='grc' dir='ltr'><strong><em>γουλούσᾳ</em></strong></span> <span class='ocrx_word' id='word_1_208' title='bbox 1134 1682 1176 1726; x_wconf 86' lang='lat' dir='ltr'><strong><em>C,</em></strong></span> <span class='ocrx_word' id='word_1_209' title='bbox 1201 1678 1426 1727; x_wconf 77' lang='grc' dir='ltr'><strong><em>γουλούσσου</em></strong></span> <span class='ocrx_word' id='word_1_210' title='bbox 1449 1680 1490 1714; x_wconf 90' lang='lat' dir='ltr'><strong><em>B.</em></strong></span> <span class='ocrx_word' id='word_1_211' title='bbox 1630 1680 1653 1715; x_wconf 83' lang='lat'>3</span> <span class='ocrx_word' id='word_1_212' title='bbox 1676 1690 1762 1724; x_wconf 74' lang='grc' dir='ltr'><strong><em>νου-</em></strong></span> 
     </span>
     <span class='ocr_line' id='line_1_26' title="bbox 376 1721 1764 1772; baseline -0.002 -10"><span class='ocrx_word' id='word_1_213' title='bbox 376 1724 512 1762; x_wconf 86' lang='grc' dir='ltr'><strong><em>λούσαν</em></strong></span> <span class='ocrx_word' id='word_1_214' title='bbox 533 1727 609 1764; x_wconf 86' lang='lat' dir='ltr'><strong><em>Bc.</em></strong></span> <span class='ocrx_word' id='word_1_215' title='bbox 767 1726 789 1762; x_wconf 87' lang='lat'>7</span> <span class='ocrx_word' id='word_1_216' title='bbox 811 1725 1067 1772; x_wconf 80' lang='grc' dir='ltr'><strong><em>παρεστήσατο</em></strong></span> <span class='ocrx_word' id='word_1_217' title='bbox 1092 1727 1135 1762; x_wconf 87' lang='grc' dir='ltr'><strong><em>Β.</em></strong></span> <span class='ocrx_word' id='word_1_218' title='bbox 1298 1723 1321 1762; x_wconf 79' lang='grc' dir='ltr'>ὅ</span> <span class='ocrx_word' id='word_1_219' title='bbox 1341 1737 1381 1761; x_wconf 78' lang='grc' dir='ltr'><strong><em>τε</em></strong></span> <span class='ocrx_word' id='word_1_220' title='bbox 1405 1721 1556 1770; x_wconf 77' lang='grc' dir='ltr'><strong><em>Φαμέας</em></strong></span> <span class='ocrx_word' id='word_1_221' title='bbox 1573 1721 1764 1770; x_wconf 74' lang='grc' dir='ltr'><strong><em>ἀπογνοὺς</em></strong></span> 
     </span>
     <span class='ocr_line' id='line_1_27' title="bbox 376 1770 1759 1818; baseline -0.001 -11"><span class='ocrx_word' id='word_1_222' title='bbox 376 1770 424 1807; x_wconf 74' lang='grc' dir='ltr'><strong><em>τοὶ</em></strong></span> <span class='ocrx_word' id='word_1_223' title='bbox 453 1773 531 1807; x_wconf 74' lang='grc' dir='ltr'><strong><em>ταῖν</em></strong></span> <span class='ocrx_word' id='word_1_224' title='bbox 564 1772 833 1818; x_wconf 82' lang='grc' dir='ltr'><strong><em>Καρχηδονίων</em></strong></span> <span class='ocrx_word' id='word_1_225' title='bbox 860 1771 1059 1818; x_wconf 80' lang='grc' dir='ltr'><strong><em>πράγματα</em></strong></span> <span class='ocrx_word' id='word_1_226' title='bbox 1088 1773 1212 1807; x_wconf 88' lang='lat' dir='ltr'><strong>Dionis</strong></span> <span class='ocrx_word' id='word_1_227' title='bbox 1243 1772 1306 1811; x_wconf 88' lang='lat' dir='ltr'><strong>lib.·</strong></span> <span class='ocrx_word' id='word_1_228' title='bbox 1327 1772 1397 1807; x_wconf 69' lang='lat'><strong><em>212</em></strong></span> <span class='ocrx_word' id='word_1_229' title='bbox 1437 1771 1594 1806; x_wconf 83' lang='lat' dir='ltr'><strong>Bekkeri</strong></span> <span class='ocrx_word' id='word_1_230' title='bbox 1625 1770 1759 1806; x_wconf 77' lang='lat' dir='ltr'><strong>Aneod.</strong></span> 
     </span>
     <span class='ocr_line' id='line_1_28' title="bbox 375 1803 1820 1865; baseline -0.003 -11"><span class='ocrx_word' id='word_1_231' title='bbox 375 1831 413 1865; x_wconf 87' lang='lat' dir='ltr'><strong><em>p.</em></strong></span> <span class='ocrx_word' id='word_1_232' title='bbox 438 1819 507 1854; x_wconf 83' lang='lat'><strong><em>124</em></strong></span> <span class='ocrx_word' id='word_1_233' title='bbox 529 1830 566 1855; x_wconf 81' lang='lat' dir='ltr'><strong><em>v,</em></strong></span> <span class='ocrx_word' id='word_1_234' title='bbox 591 1819 624 1855; x_wconf 86' lang='lat'><strong><em>9.</em></strong></span> <span class='ocrx_word' id='word_1_235' title='bbox 763 1821 806 1854; x_wconf 94' lang='lat' dir='ltr'><strong><em>ll</em></strong></span> <span class='ocrx_word' id='word_1_236' title='bbox 832 1815 990 1863; x_wconf 78' lang='grc' dir='ltr'><strong><em>αὐτοὺς]</em></strong></span> <span class='ocrx_word' id='word_1_237' title='bbox 1024 1814 1152 1859; x_wconf 80' lang='grc' dir='ltr'><strong><em>αὐτοῖς</em></strong></span> <span class='ocrx_word' id='word_1_238' title='bbox 1172 1819 1216 1854; x_wconf 91' lang='grc' dir='ltr'><strong><em>Α.</em></strong></span> <span class='ocrx_word' id='word_1_239' title='bbox 1250 1820 1465 1864; x_wconf 77' lang='lat' dir='ltr'>sequebatur</span> <span class='ocrx_word' id='word_1_240' title='bbox 1498 1809 1635 1861; x_wconf 75' lang='grc' dir='ltr'><strong><em>αὖθις,</em></strong></span> <span class='ocrx_word' id='word_1_241' title='bbox 1668 1817 1761 1863; x_wconf 89' lang='lat' dir='ltr'><strong>quod</strong></span> <span class='ocrx_word' id='word_1_242' title='bbox 1818 1803 1820 1858; x_wconf 52' lang='lat' dir='ltr'><strong>l</strong></span> 
     </span>
     <span class='ocr_line' id='line_1_29' title="bbox 376 1860 1820 1909; baseline -0.001 -11"><span class='ocrx_word' id='word_1_243' title='bbox 376 1864 505 1899; x_wconf 82' lang='lat' dir='ltr'><strong>delevi.</strong></span> <span class='ocrx_word' id='word_1_244' title='bbox 629 1864 674 1900; x_wconf 84' lang='lat'><strong><em>12</em></strong></span> <span class='ocrx_word' id='word_1_245' title='bbox 697 1860 788 1909; x_wconf 71' lang='grc' dir='ltr'><strong><em>γὰρ]</em></strong></span> <span class='ocrx_word' id='word_1_246' title='bbox 819 1861 887 1909; x_wconf 63' lang='grc' dir='ltr'><strong><em>μὲν</em></strong></span> <span class='ocrx_word' id='word_1_247' title='bbox 910 1861 980 1909; x_wconf 77' lang='grc' dir='ltr'><strong><em>γὰρ</em></strong></span> <span class='ocrx_word' id='word_1_248' title='bbox 1003 1864 1077 1899; x_wconf 91' lang='grc' dir='ltr'><strong><em>ΑΒ.</em></strong></span> <span class='ocrx_word' id='word_1_249' title='bbox 1217 1865 1261 1899; x_wconf 79' lang='grc'><strong><em>15</em></strong></span> <span class='ocrx_word' id='word_1_250' title='bbox 1282 1875 1322 1899; x_wconf 73' lang='grc' dir='ltr'><strong><em>τε</em></strong></span> <span class='ocrx_word' id='word_1_251' title='bbox 1346 1876 1401 1900; x_wconf 89' lang='lat' dir='ltr'><strong>om</strong></span> <span class='ocrx_word' id='word_1_252' title='bbox 1422 1865 1467 1899; x_wconf 83' lang='lat' dir='ltr'><strong><em>A.</em></strong></span> <span class='ocrx_word' id='word_1_253' title='bbox 1607 1862 1653 1899; x_wconf 87' lang='grc'><strong><em>16</em></strong></span> <span class='ocrx_word' id='word_1_254' title='bbox 1675 1872 1758 1907; x_wconf 78' lang='grc' dir='ltr'><strong><em>συγ·</em></strong></span> <span class='ocrx_word' id='word_1_255' title='bbox 1819 1866 1820 1908; x_wconf 66' lang='grc' dir='ltr'>ᾗ</span> 
     </span>
     <span class='ocr_line' id='line_1_30' title="bbox 372 1907 1820 1956; baseline 0.001 -12"><span class='ocrx_word' id='word_1_256' title='bbox 372 1910 582 1945; x_wconf 76' lang='grc' dir='ltr'><strong><em>καθεῖσθαι</em></strong></span> <span class='ocrx_word' id='word_1_257' title='bbox 604 1911 648 1944; x_wconf 86' lang='grc' dir='ltr'><strong><em>Α.</em></strong></span> <span class='ocrx_word' id='word_1_258' title='bbox 763 1909 809 1946; x_wconf 87' lang='grc'><strong><em>18</em></strong></span> <span class='ocrx_word' id='word_1_259' title='bbox 832 1907 899 1956; x_wconf 78' lang='grc' dir='ltr'><strong><em>δὲ]</em></strong></span> <span class='ocrx_word' id='word_1_260' title='bbox 921 1908 970 1955; x_wconf 82' lang='grc' dir='ltr'><strong><em>δὴ</em></strong></span> <span class='ocrx_word' id='word_1_261' title='bbox 994 1910 1040 1955; x_wconf 82' lang='grc' dir='ltr'><strong><em>Α,</em></strong></span> <span class='ocrx_word' id='word_1_262' title='bbox 1063 1920 1117 1944; x_wconf 89' lang='lat' dir='ltr'><strong>om</strong></span> <span class='ocrx_word' id='word_1_263' title='bbox 1141 1910 1186 1945; x_wconf 82' lang='lat' dir='ltr'><strong><em>C.</em></strong></span> <span class='ocrx_word' id='word_1_264' title='bbox 1514 1933 1525 1936; x_wconf 71' lang='lat'><strong><em>-</em></strong></span> <span class='ocrx_word' id='word_1_265' title='bbox 1819 1915 1820 1918; x_wconf 77' lang='grc'>’</span> 
     </span>
    </p>
   </div>
   <div class='ocr_carea' id='block_1_5' title="bbox 419 2000 1737 2055">
    <p class='ocr_par' dir='ltr' id='par_1_9' title="bbox 419 2000 1737 2055">
     <span class='ocr_line' id='line_1_31' title="bbox 419 2000 1737 2055; baseline 0.001 -19"><span class='ocrx_word' id='word_1_266' title='bbox 419 2002 592 2036; x_wconf 73' lang='grc' dir='ltr'><strong><em>ΕὀΝτΒει.</em></strong></span> <span class='ocrx_word' id='word_1_267' title='bbox 642 2001 732 2055; x_wconf 50' lang='grc' dir='ltr'><strong><em>(ἔαρι</em></strong></span> <span class='ocrx_word' id='word_1_268' title='bbox 755 2001 815 2039; x_wconf 82' lang='lat'><strong><em>28.</em></strong></span> <span class='ocrx_word' id='word_1_269' title='bbox 861 2001 990 2036; x_wconf 77' lang='lat' dir='ltr'><strong>Dionis</strong></span> <span class='ocrx_word' id='word_1_270' title='bbox 1015 2001 1195 2037; x_wconf 77' lang='lat' dir='ltr'><strong><em>Historiae</em></strong></span> <span class='ocrx_word' id='word_1_271' title='bbox 1227 2001 1412 2036; x_wconf 77' lang='lat' dir='ltr'><strong><em>Romanae</em></strong></span> <span class='ocrx_word' id='word_1_272' title='bbox 1440 2000 1523 2035; x_wconf 67' lang='lat' dir='ltr'><strong><em>libra·</em></strong></span> <span class='ocrx_word' id='word_1_273' title='bbox 1548 2000 1737 2046; x_wconf 72' lang='lat' dir='ltr'><strong>deperditi.</strong></span> 
     </span>
    </p>
   </div>
   <div class='ocr_carea' id='block_1_6' title="bbox 278 2101 1763 2794">
    <p class='ocr_par' dir='ltr' id='par_1_10' title="bbox 282 2101 1761 2239">
     <span class='ocr_line' id='line_1_32' title="bbox 283 2101 1761 2148; baseline 0 -10"><span class='ocrx_word' id='word_1_274' title='bbox 283 2104 420 2139; x_wconf 76' lang='lat' dir='ltr'><strong>versias</strong></span> <span class='ocrx_word' id='word_1_275' title='bbox 443 2114 587 2137; x_wconf 88' lang='lat' dir='ltr'><strong>munere</strong></span> <span class='ocrx_word' id='word_1_276' title='bbox 610 2102 807 2148; x_wconf 80' lang='lat' dir='ltr'><strong>assignato,</strong></span> <span class='ocrx_word' id='word_1_277' title='bbox 842 2103 1016 2137; x_wconf 82' lang='lat' dir='ltr'><strong>Gulussae</strong></span> <span class='ocrx_word' id='word_1_278' title='bbox 1045 2103 1176 2137; x_wconf 88' lang='lat' dir='ltr'><strong>homini</strong></span> <span class='ocrx_word' id='word_1_279' title='bbox 1206 2102 1373 2137; x_wconf 88' lang='lat' dir='ltr'><strong>bellicoso</strong></span> <span class='ocrx_word' id='word_1_280' title='bbox 1399 2101 1573 2136; x_wconf 80' lang='lat' dir='ltr'><strong>exercitus</strong></span> <span class='ocrx_word' id='word_1_281' title='bbox 1601 2101 1761 2138; x_wconf 81' lang='lat' dir='ltr'><strong>tradidit.</strong></span> 
     </span>
     <span class='ocr_line' id='line_1_33' title="bbox 283 2147 1759 2194; baseline -0.001 -10"><span class='ocrx_word' id='word_1_282' title='bbox 283 2149 427 2194; x_wconf 84' lang='lat' dir='ltr'><strong>reliquis</strong></span> <span class='ocrx_word' id='word_1_283' title='bbox 459 2149 648 2191; x_wconf 87' lang='lat' dir='ltr'><strong>fratribus,</strong></span> <span class='ocrx_word' id='word_1_284' title='bbox 681 2150 742 2193; x_wconf 90' lang='lat' dir='ltr'><strong><em>qui</em></strong></span> <span class='ocrx_word' id='word_1_285' title='bbox 766 2149 860 2183; x_wconf 89' lang='lat' dir='ltr'><strong>multi</strong></span> <span class='ocrx_word' id='word_1_286' title='bbox 885 2153 1006 2192; x_wconf 77' lang='lat' dir='ltr'><strong>erant,</strong></span> <span class='ocrx_word' id='word_1_287' title='bbox 1038 2150 1143 2183; x_wconf 81' lang='lat' dir='ltr'><strong>urbes</strong></span> <span class='ocrx_word' id='word_1_288' title='bbox 1175 2149 1342 2194; x_wconf 87' lang='lat' dir='ltr'><strong>quasdam</strong></span> <span class='ocrx_word' id='word_1_289' title='bbox 1375 2151 1413 2182; x_wconf 83' lang='lat' dir='ltr'><strong><em>et</em></strong></span> <span class='ocrx_word' id='word_1_290' title='bbox 1443 2147 1592 2194; x_wconf 82' lang='lat' dir='ltr'><strong>praedia</strong></span> <span class='ocrx_word' id='word_1_291' title='bbox 1625 2148 1759 2186; x_wconf 83' lang='lat' dir='ltr'><strong>divisit.</strong></span> 
     </span>
     <span class='ocr_line' id='line_1_34' title="bbox 282 2194 1042 2239; baseline -0.004 -9"><span class='ocrx_word' id='word_1_292' title='bbox 282 2195 469 2230; x_wconf 80' lang='lat' dir='ltr'><strong>Gulussam</strong></span> <span class='ocrx_word' id='word_1_293' title='bbox 492 2205 575 2228; x_wconf 88' lang='lat' dir='ltr'><strong>vero</strong></span> <span class='ocrx_word' id='word_1_294' title='bbox 600 2194 644 2228; x_wconf 90' lang='lat' dir='ltr'><strong><em>ad</em></strong></span> <span class='ocrx_word' id='word_1_295' title='bbox 668 2195 846 2228; x_wconf 87' lang='lat' dir='ltr'><strong>consulem·</strong></span> <span class='ocrx_word' id='word_1_296' title='bbox 864 2194 1042 2239; x_wconf 85' lang='lat' dir='ltr'><strong>perduxit.</strong></span> 
     </span>
    </p>

    <p class='ocr_par' dir='ltr' id='par_1_11' title="bbox 278 2237 1763 2685">
     <span class='ocr_line' id='line_1_35' title="bbox 421 2237 1762 2285; baseline -0.001 -11"><span class='ocrx_word' id='word_1_297' title='bbox 421 2241 496 2274; x_wconf 87' lang='lat' dir='ltr'><strong><em>Sub</em></strong></span> <span class='ocrx_word' id='word_1_298' title='bbox 520 2240 618 2274; x_wconf 79' lang='lat' dir='ltr'><strong>veris</strong></span> <span class='ocrx_word' id='word_1_299' title='bbox 644 2240 780 2274; x_wconf 87' lang='lat' dir='ltr'><strong>initium</strong></span> <span class='ocrx_word' id='word_1_300' title='bbox 798 2239 1133 2285; x_wconf 73' lang='lat' dir='ltr'>Carthaginiensium</span> <span class='ocrx_word' id='word_1_301' title='bbox 1155 2238 1358 2273; x_wconf 84' lang='lat' dir='ltr'><strong>foederatos</strong></span> <span class='ocrx_word' id='word_1_302' title='bbox 1382 2238 1542 2284; x_wconf 81' lang='lat' dir='ltr'><strong>aggressi</strong></span> <span class='ocrx_word' id='word_1_303' title='bbox 1562 2237 1688 2273; x_wconf 83' lang='lat' dir='ltr'><strong>multos</strong></span> <span class='ocrx_word' id='word_1_304' title='bbox 1709 2237 1762 2281; x_wconf 81' lang='lat' dir='ltr'><strong><em>vi,</em></strong></span> 
     </span>
     <span class='ocr_line' id='line_1_36' title="bbox 282 2284 1762 2332; baseline -0.001 -11"><span class='ocrx_word' id='word_1_305' title='bbox 282 2286 407 2322; x_wconf 87' lang='lat' dir='ltr'><strong>multos</strong></span> <span class='ocrx_word' id='word_1_306' title='bbox 441 2286 619 2332; x_wconf 83' lang='lat' dir='ltr'><strong>pactione,</strong></span> <span class='ocrx_word' id='word_1_307' title='bbox 647 2286 769 2330; x_wconf 83' lang='lat' dir='ltr'><strong>Scipio</strong></span> <span class='ocrx_word' id='word_1_308' title='bbox 804 2287 1031 2332; x_wconf 65' lang='lat' dir='ltr'><strong>praesertim,</strong></span> <span class='ocrx_word' id='word_1_309' title='bbox 1063 2285 1292 2329; x_wconf 82' lang='lat' dir='ltr'><strong>subegerunt.</strong></span> <span class='ocrx_word' id='word_1_310' title='bbox 1340 2288 1378 2318; x_wconf 85' lang='lat' dir='ltr'><strong><em>ut</em></strong></span> <span class='ocrx_word' id='word_1_311' title='bbox 1401 2295 1485 2318; x_wconf 85' lang='lat' dir='ltr'><strong>vero</strong></span> <span class='ocrx_word' id='word_1_312' title='bbox 1506 2284 1677 2319; x_wconf 85' lang='lat' dir='ltr'><strong>Phameas</strong></span> <span class='ocrx_word' id='word_1_313' title='bbox 1699 2284 1762 2319; x_wconf 87' lang='lat' dir='ltr'><strong><em>de-</em></strong></span> 
     </span>
     <span class='ocr_line' id='line_1_37' title="bbox 281 2329 1763 2378; baseline -0.002 -11"><span class='ocrx_word' id='word_1_314' title='bbox 281 2332 434 2378; x_wconf 79' lang='lat' dir='ltr'><strong>speratis</strong></span> <span class='ocrx_word' id='word_1_315' title='bbox 470 2331 815 2377; x_wconf 79' lang='lat' dir='ltr'><strong>Carthaginiensium</strong></span> <span class='ocrx_word' id='word_1_316' title='bbox 852 2334 957 2366; x_wconf 87' lang='lat' dir='ltr'><strong>rebus</strong></span> <span class='ocrx_word' id='word_1_317' title='bbox 998 2331 1042 2365; x_wconf 86' lang='lat' dir='ltr'><strong><em>ad</em></strong></span> <span class='ocrx_word' id='word_1_318' title='bbox 1075 2331 1250 2365; x_wconf 85' lang='lat' dir='ltr'><strong>Romanos</strong></span> <span class='ocrx_word' id='word_1_319' title='bbox 1279 2329 1450 2364; x_wconf 86' lang='lat' dir='ltr'><strong>inclinans</strong></span> <span class='ocrx_word' id='word_1_320' title='bbox 1489 2341 1565 2365; x_wconf 89' lang='lat' dir='ltr'><strong><em>cum</em></strong></span> <span class='ocrx_word' id='word_1_321' title='bbox 1595 2329 1763 2376; x_wconf 81' lang='lat' dir='ltr'><strong>Scipione</strong></span> 
     </span>
     <span class='ocr_line' id='line_1_38' title="bbox 282 2375 1760 2421; baseline -0.001 -9"><span class='ocrx_word' id='word_1_322' title='bbox 282 2380 474 2413; x_wconf 88' lang='lat' dir='ltr'><strong>collocutus</strong></span> <span class='ocrx_word' id='word_1_323' title='bbox 509 2381 575 2421; x_wconf 82' lang='lat' dir='ltr'><strong>est,</strong></span> <span class='ocrx_word' id='word_1_324' title='bbox 610 2385 682 2411; x_wconf 87' lang='lat' dir='ltr'><strong><em>tum</em></strong></span> <span class='ocrx_word' id='word_1_325' title='bbox 716 2389 804 2411; x_wconf 87' lang='lat' dir='ltr'><strong>vero</strong></span> <span class='ocrx_word' id='word_1_326' title='bbox 837 2389 955 2412; x_wconf 86' lang='lat' dir='ltr'><strong>omnes</strong></span> <span class='ocrx_word' id='word_1_327' title='bbox 987 2376 1089 2411; x_wconf 88' lang='lat' dir='ltr'><strong>armis</strong></span> <span class='ocrx_word' id='word_1_328' title='bbox 1117 2376 1155 2410; x_wconf 92' lang='lat' dir='ltr'><strong><em>in</em></strong></span> <span class='ocrx_word' id='word_1_329' title='bbox 1180 2375 1431 2411; x_wconf 80' lang='lat' dir='ltr'><strong>Hasdrubalem</strong></span> <span class='ocrx_word' id='word_1_330' title='bbox 1454 2376 1653 2420; x_wconf 83' lang='lat' dir='ltr'><strong>conversis,</strong></span> <span class='ocrx_word' id='word_1_331' title='bbox 1683 2387 1760 2410; x_wconf 90' lang='lat' dir='ltr'><strong><em>cum</em></strong></span> 
     </span>
     <span class='ocr_line' id='line_1_39' title="bbox 278 2421 1761 2470; baseline -0.002 -12"><span class='ocrx_word' id='word_1_332' title='bbox 278 2436 345 2470; x_wconf 87' lang='lat' dir='ltr'><strong><em>per</em></strong></span> <span class='ocrx_word' id='word_1_333' title='bbox 369 2424 445 2458; x_wconf 87' lang='lat' dir='ltr'><strong>dies</strong></span> <span class='ocrx_word' id='word_1_334' title='bbox 468 2423 585 2468; x_wconf 88' lang='lat' dir='ltr'><strong>plures</strong></span> <span class='ocrx_word' id='word_1_335' title='bbox 610 2422 787 2458; x_wconf 87' lang='lat' dir='ltr'><strong>castellum</strong></span> <span class='ocrx_word' id='word_1_336' title='bbox 815 2427 1085 2469; x_wconf 79' lang='lat' dir='ltr'><strong>oppugnassent,</strong></span> <span class='ocrx_word' id='word_1_337' title='bbox 1108 2426 1298 2456; x_wconf 81' lang='lat' dir='ltr'><strong>commeatu</strong></span> <span class='ocrx_word' id='word_1_338' title='bbox 1321 2421 1480 2455; x_wconf 85' lang='lat' dir='ltr'><strong>destituti</strong></span> <span class='ocrx_word' id='word_1_339' title='bbox 1503 2421 1594 2456; x_wconf 85' lang='lat' dir='ltr'><strong>eitra</strong></span> <span class='ocrx_word' id='word_1_340' title='bbox 1609 2421 1761 2456; x_wconf 78' lang='lat' dir='ltr'><strong>dedecus</strong></span> 
     </span>
     <span class='ocr_line' id='line_1_40' title="bbox 279 2467 1761 2505; baseline -0.002 -1"><span class='ocrx_word' id='word_1_341' title='bbox 279 2473 514 2505; x_wconf 74' lang='lat' dir='ltr'><strong>recesserunt.</strong></span> <span class='ocrx_word' id='word_1_342' title='bbox 563 2480 642 2503; x_wconf 90' lang='lat' dir='ltr'><strong><em>nam</em></strong></span> <span class='ocrx_word' id='word_1_343' title='bbox 667 2469 816 2503; x_wconf 85' lang='lat' dir='ltr'><strong>durante</strong></span> <span class='ocrx_word' id='word_1_344' title='bbox 840 2470 952 2504; x_wconf 89' lang='lat' dir='ltr'><strong>adhuc</strong></span> <span class='ocrx_word' id='word_1_345' title='bbox 974 2468 1155 2504; x_wconf 88' lang='lat' dir='ltr'><strong>obsidione</strong></span> <span class='ocrx_word' id='word_1_346' title='bbox 1177 2467 1348 2502; x_wconf 78' lang='lat' dir='ltr'><strong>Phameas</strong></span> <span class='ocrx_word' id='word_1_347' title='bbox 1376 2467 1538 2502; x_wconf 86' lang='lat' dir='ltr'><strong>hostilem</strong></span> <span class='ocrx_word' id='word_1_348' title='bbox 1567 2467 1603 2501; x_wconf 85' lang='lat' dir='ltr'><strong><em>iu</em></strong></span> <span class='ocrx_word' id='word_1_349' title='bbox 1625 2467 1761 2501; x_wconf 88' lang='lat' dir='ltr'><strong>modum</strong></span> 
     </span>
     <span class='ocr_line' id='line_1_41' title="bbox 280 2512 1760 2560; baseline 0 -12"><span class='ocrx_word' id='word_1_350' title='bbox 280 2527 342 2549; x_wconf 89' lang='lat' dir='ltr'><strong><em>eos</em></strong></span> <span class='ocrx_word' id='word_1_351' title='bbox 366 2525 553 2559; x_wconf 82' lang='lat' dir='ltr'><strong>aggressus</strong></span> <span class='ocrx_word' id='word_1_352' title='bbox 585 2514 623 2548; x_wconf 94' lang='lat' dir='ltr'><strong><em>in</em></strong></span> <span class='ocrx_word' id='word_1_353' title='bbox 645 2514 724 2559; x_wconf 86' lang='lat' dir='ltr'><strong>ipsa</strong></span> <span class='ocrx_word' id='word_1_354' title='bbox 746 2526 864 2560; x_wconf 87' lang='lat' dir='ltr'><strong>pugna</strong></span> <span class='ocrx_word' id='word_1_355' title='bbox 889 2527 964 2549; x_wconf 89' lang='lat' dir='ltr'><strong><em>cum</em></strong></span> <span class='ocrx_word' id='word_1_356' title='bbox 988 2515 1120 2559; x_wconf 78' lang='lat' dir='ltr'><strong>aliquot</strong></span> <span class='ocrx_word' id='word_1_357' title='bbox 1142 2513 1315 2558; x_wconf 86' lang='lat' dir='ltr'><strong>equitibus</strong></span> <span class='ocrx_word' id='word_1_358' title='bbox 1338 2512 1382 2546; x_wconf 88' lang='lat' dir='ltr'><strong><em>ad</em></strong></span> <span class='ocrx_word' id='word_1_359' title='bbox 1407 2514 1581 2548; x_wconf 82' lang='lat' dir='ltr'><strong>Romanos</strong></span> <span class='ocrx_word' id='word_1_360' title='bbox 1603 2513 1760 2548; x_wconf 81' lang='lat' dir='ltr'><strong>transiit.</strong></span> 
     </span>
     <span class='ocr_line' id='line_1_42' title="bbox 282 2558 1759 2607; baseline -0.001 -14"><span class='ocrx_word' id='word_1_361' title='bbox 282 2561 364 2594; x_wconf 90' lang='lat' dir='ltr'><strong>inde</strong></span> <span class='ocrx_word' id='word_1_362' title='bbox 382 2560 544 2595; x_wconf 82' lang='lat' dir='ltr'><strong>Manilius</strong></span> <span class='ocrx_word' id='word_1_363' title='bbox 563 2560 700 2595; x_wconf 85' lang='lat' dir='ltr'><strong>Uticam</strong></span> <span class='ocrx_word' id='word_1_364' title='bbox 722 2562 900 2605; x_wconf 85' lang='lat' dir='ltr'><strong>profectus</strong></span> <span class='ocrx_word' id='word_1_365' title='bbox 924 2559 1078 2607; x_wconf 82' lang='lat' dir='ltr'><strong>quievit:</strong></span> <span class='ocrx_word' id='word_1_366' title='bbox 1104 2559 1226 2604; x_wconf 79' lang='lat' dir='ltr'><strong>Scipio</strong></span> <span class='ocrx_word' id='word_1_367' title='bbox 1248 2558 1400 2593; x_wconf 87' lang='lat' dir='ltr'><strong>Phamea</strong></span> <span class='ocrx_word' id='word_1_368' title='bbox 1422 2559 1566 2594; x_wconf 86' lang='lat' dir='ltr'><strong>Romam</strong></span> <span class='ocrx_word' id='word_1_369' title='bbox 1589 2558 1759 2603; x_wconf 84' lang='lat' dir='ltr'><strong>perducto</strong></span> 
     </span>
     <span class='ocr_line' id='line_1_43' title="bbox 284 2604 1760 2650; baseline -0.001 -10"><span class='ocrx_word' id='word_1_370' title='bbox 284 2606 446 2640; x_wconf 87' lang='lat' dir='ltr'><strong>laudatus</strong></span> <span class='ocrx_word' id='word_1_371' title='bbox 470 2612 535 2650; x_wconf 89' lang='lat' dir='ltr'><strong>est,</strong></span> <span class='ocrx_word' id='word_1_372' title='bbox 560 2611 598 2640; x_wconf 87' lang='lat' dir='ltr'><strong><em>et</em></strong></span> <span class='ocrx_word' id='word_1_373' title='bbox 620 2607 650 2641; x_wconf 89' lang='lat' dir='ltr'><strong><em>is</em></strong></span> <span class='ocrx_word' id='word_1_374' title='bbox 674 2607 784 2640; x_wconf 91' lang='lat' dir='ltr'><strong>honos</strong></span> <span class='ocrx_word' id='word_1_375' title='bbox 807 2607 980 2641; x_wconf 86' lang='lat' dir='ltr'><strong>Phameae</strong></span> <span class='ocrx_word' id='word_1_376' title='bbox 1002 2605 1141 2641; x_wconf 87' lang='lat' dir='ltr'><strong>habitus</strong></span> <span class='ocrx_word' id='word_1_377' title='bbox 1165 2609 1206 2639; x_wconf 82' lang='lat' dir='ltr'><strong><em>ut</em></strong></span> <span class='ocrx_word' id='word_1_378' title='bbox 1227 2604 1261 2638; x_wconf 89' lang='lat' dir='ltr'><strong><em>in</em></strong></span> <span class='ocrx_word' id='word_1_379' title='bbox 1288 2615 1487 2639; x_wconf 86' lang='lat' dir='ltr'><strong>consessum</strong></span> <span class='ocrx_word' id='word_1_380' title='bbox 1509 2616 1530 2638; x_wconf 88' lang='lat' dir='ltr'><strong><em>a</em></strong></span> <span class='ocrx_word' id='word_1_381' title='bbox 1553 2608 1677 2638; x_wconf 84' lang='lat' dir='ltr'><strong>senatu</strong></span> <span class='ocrx_word' id='word_1_382' title='bbox 1699 2615 1760 2638; x_wconf 87' lang='lat' dir='ltr'><strong><em>re-</em></strong></span> 
     </span>
     <span class='ocr_line' id='line_1_44' title="bbox 283 2651 471 2685; baseline -0.005 0"><span class='ocrx_word' id='word_1_383' title='bbox 283 2651 316 2685; x_wconf 92' lang='lat' dir='ltr'><strong><em>ci</em></strong></span> <span class='ocrx_word' id='word_1_384' title='bbox 343 2655 471 2685; x_wconf 85' lang='lat' dir='ltr'><strong>eretur.</strong></span> 
     </span>
    </p>

    <p class='ocr_par' dir='ltr' id='par_1_12' title="bbox 283 2663 1758 2794">
     <span class='ocr_line' id='line_1_45' title="bbox 318 2663 1758 2741; baseline -0.001 -12"><span class='ocrx_word' id='word_1_385' title='bbox 318 2663 340 2696; x_wconf 71' lang='lat' dir='ltr'><strong>P</strong></span> <span class='ocrx_word' id='word_1_386' title='bbox 421 2696 477 2732; x_wconf 78' lang='lat'><strong><em>28.</em></strong></span> <span class='ocrx_word' id='word_1_387' title='bbox 523 2697 615 2731; x_wconf 85' lang='lat' dir='ltr'><strong><em>Tum</em></strong></span> <span class='ocrx_word' id='word_1_388' title='bbox 638 2696 806 2741; x_wconf 85' lang='lat' dir='ltr'><strong>Prusias,</strong></span> <span class='ocrx_word' id='word_1_389' title='bbox 842 2697 942 2732; x_wconf 89' lang='lat' dir='ltr'><strong>homo</strong></span> <span class='ocrx_word' id='word_1_390' title='bbox 974 2707 1081 2731; x_wconf 87' lang='lat' dir='ltr'><strong>senex</strong></span> <span class='ocrx_word' id='word_1_391' title='bbox 1110 2698 1147 2729; x_wconf 84' lang='lat' dir='ltr'><strong><em>et</em></strong></span> <span class='ocrx_word' id='word_1_392' title='bbox 1172 2694 1309 2741; x_wconf 86' lang='lat' dir='ltr'><strong>asperis</strong></span> <span class='ocrx_word' id='word_1_393' title='bbox 1339 2696 1516 2741; x_wconf 87' lang='lat' dir='ltr'><strong>moribus,</strong></span> <span class='ocrx_word' id='word_1_394' title='bbox 1552 2694 1690 2730; x_wconf 83' lang='lat' dir='ltr'><strong>veritus</strong></span> <span class='ocrx_word' id='word_1_395' title='bbox 1713 2705 1758 2729; x_wconf 86' lang='lat' dir='ltr'><strong><em>ne</em></strong></span> 
     </span>
     <span class='ocr_line' id='line_1_46' title="bbox 283 2741 1757 2794; baseline -0.001 -17"><span class='ocrx_word' id='word_1_396' title='bbox 283 2742 432 2788; x_wconf 86' lang='lat' dir='ltr'><strong>Bithyni</strong></span> <span class='ocrx_word' id='word_1_397' title='bbox 463 2754 502 2777; x_wconf 87' lang='lat' dir='ltr'><strong><em>se</em></strong></span> <span class='ocrx_word' id='word_1_398' title='bbox 537 2743 651 2777; x_wconf 87' lang='lat' dir='ltr'><strong>eiecto</strong></span> <span class='ocrx_word' id='word_1_399' title='bbox 674 2742 899 2779; x_wconf 88' lang='lat' dir='ltr'><strong>Nicomedem</strong></span> <span class='ocrx_word' id='word_1_400' title='bbox 931 2741 1038 2778; x_wconf 89' lang='lat' dir='ltr'><strong>filium</strong></span> <span class='ocrx_word' id='word_1_401' title='bbox 1060 2752 1178 2788; x_wconf 82' lang='lat' dir='ltr'><strong>regem</strong></span> <span class='ocrx_word' id='word_1_402' title='bbox 1200 2745 1384 2794; x_wconf 58' lang='lat' dir='ltr'><strong>crearent2</strong></span> <span class='ocrx_word' id='word_1_403' title='bbox 1415 2752 1492 2777; x_wconf 88' lang='lat' dir='ltr'><strong><em>eum</em></strong></span> <span class='ocrx_word' id='word_1_404' title='bbox 1522 2752 1587 2787; x_wconf 82' lang='lat' dir='ltr'><strong>pet</strong></span> <span class='ocrx_word' id='word_1_405' title='bbox 1619 2750 1757 2777; x_wconf 82' lang='lat' dir='ltr'><strong>causam</strong></span> 
     </span>
    </p>
   </div>
  </div>
 </body>
</html>
