1786 3120
765 90 976 137 NOTAE.
1516 74 1621 139 643

129 202 243 262 καροῖ
279 205 354 248 τοῦ
386 198 611 245 Ἰουλιανοῦ
637 199 795 244 ἐκεῖνον
821 197 1160 256 προετιμήσαντο]
1197 214 1296 255 quae
1326 202 1447 243 verba
1473 205 1530 244 sic
1557 217 1624 245 ex-

130 262 276 321 pressit
312 264 522 313 interpres:
562 258 774 306 Iulianus,
810 261 997 311 quamvis
1033 258 1087 297 ab
1119 259 1246 298 altero
1274 274 1429 312 magna
1449 264 1626 313 pecunia

127 321 345 376 promissa,
369 325 427 358 eat
449 315 675 369 praelatus.
703 316 817 355 immo
848 317 983 355 horum
1011 330 1148 356 sensus
1177 321 1262 368 est,
1300 318 1355 357 uti
1392 319 1453 356 edi
1478 320 1626 358 curavi-

132 391 233 428 mus,
259 377 382 418 multa
410 374 576 426 pecunia
602 386 626 411 a
653 373 799 412 Iuliano
828 373 1012 412 militibus
1040 374 1252 426 promissa,
1284 375 1446 414 eundem
1474 377 1627 428 praela-

132 441 237 482 tum
273 434 378 486 quod
410 435 452 470 et
479 431 624 470 diserte
670 430 725 469 ait
766 430 859 482 Dio,
901 435 942 469 et
979 444 1025 470 ex
1066 445 1113 470 eo
1141 431 1370 482 xiphilinus,
1398 445 1422 472 a
1451 447 1527 484 quo
1557 424 1628 473 sua

132 493 262 532 hausit
287 490 484 531 Zonaras:
509 488 575 539 qui
593 486 727 526 scribit
745 488 785 525 in
806 487 877 525 hac
897 488 1043 538 imperii
1072 489 1248 527 auctione
1277 490 1453 528 ducentis
1478 491 1520 529 in
1549 492 1629 531 sin·-

133 549 245 602 gulos
281 547 422 586 milites
453 545 579 584 aureis
618 557 642 582 a
667 543 887 596 Sulpiciano
925 545 1151 596 promissis,
1185 545 1327 584 alteros
1354 547 1629 599 quinquaginta

133 605 323 646 adiecisse
347 604 545 643 Iulianum.
589 600 693 639 Duc.

73 710 78 713 ἢ
224 675 290 714 >p.
318 659 401 702 549
431 673 468 698 v.
493 660 559 700 17.
607 656 632 699 o‘
661 654 735 710 μὲν
763 654 842 710 γᾶρ
872 657 961 709 etc.]
990 659 1030 697 in
1056 658 1235 697 versione
1255 658 1316 698 hic
1339 661 1526 710 quaedam
1554 662 1628 700 im-

131 718 375 759 mutavimus:
411 715 577 755 Wolfius
614 715 846 766 scripserat,
885 715 957 752 sed
990 718 1089 767 quia
1124 714 1281 753 Albino
1327 716 1628 768 imperatoriam

129 778 384 827 maiestatem
396 773 619 826 flagitanti
657 771 723 811 vel
762 773 947 811 Caesaris
984 772 1173 809 honorem
1210 772 1389 824 negabat
1423 780 1498 814 etc.
1530 776 1628 814 alius

133 834 312 874 enimest
327 844 463 871 sensus
492 844 538 870 ex
566 828 716 868 Dione:
746 829 887 879 quippe
917 843 1004 868 cum
1029 828 1168 867 Albino
1196 831 1427 882 promissam
1450 833 1629 872 Caesaris

135 891 365 944 dignitatem
392 891 571 938 negaret,
600 890 683 924 tum
711 887 743 923 is
769 886 1040 936 imperatorem
1069 899 1156 925 sese
1185 888 1405 939 appellavit.
1466 889 1570 929 Duc.

247 961 288 1000 P·
319 946 414 988 550·
431 957 468 983 v,
490 946 530 987 2,
566 941 622 991 ὥς
636 940 720 983 fimo*
736 942 965 1001 χορολὲκτῃ]
995 942 1071 981 Dio
1089 940 1224 998 ὥσπερ
1240 960 1298 992 τις
1315 941 1495 999 ἀκριβῶς
1509 944 1630 1000 χορδς

137 1002 435 1058 δεδιδαγμένος.
465 1002 631 1040 occurrit
657 999 752 1037 haec
781 1012 854 1038 vox
885 1001 986 1048 apud
1014 998 1222 1051 Pollucem.
1278 1000 1383 1041 Duc.

246 1074 288 1114 p.
315 1059 398 1102 552
423 1072 461 1097 v·
490 1058 556 1099 10.
599 1055 738 1107 ἔθνος]
756 1056 918 1095 Wolfius
935 1064 1122 1109 gentem.-
1156 1059 1440 1099 emendavimus
1458 1061 1628 1111 provin-

138 1119 261 1159 ciam.
293 1118 382 1156 vide
411 1115 545 1154 Gloss.
574 1115 674 1152 med.
706 1113 918 1152 Graecitat.
978 1113 1079 1152 Duc.

247 1189 288 1229 p.
318 1173 401 1216 555
431 1186 468 1211 V.
499 1172 568 1214 20.
623 1167 680 1224 μή
708 1166 901 1222 ἆμελεῖτε]
935 1172 990 1210 ita
1030 1175 1111 1209 tres
1139 1184 1239 1210 mss:
1277 1175 1319 1210 at
1346 1173 1533 1211 omittitur
1561 1186 1632 1212 ne-

133 1233 265 1285 gativa
303 1231 407 1284 apud
442 1228 633 1280 Dionem,
671 1231 715 1266 ut
757 1241 894 1268 sensus
924 1228 976 1266 sit
1010 1235 1183 1266 caeteros
1214 1242 1351 1267 omnes
1379 1231 1631 1268 contemnite.

133 1289 238 1330 Duc.

247 1359 290 1398 p.
312 1343 396 1386 558
419 1355 457 1381 V.
489 1342 558 1383 18.
614 1342 697 1381 τῶν
728 1339 925 1391 ἕξαπλῶν]
964 1340 1051 1380 vide
1075 1340 1234 1380 Henric.
1257 1341 1451 1383 Valesium
1476 1345 1528 1383 ad
1550 1344 1631 1383 Eu·
1653 1342 1740 1379 1²25

135 1403 232 1444 sebii
259 1401 363 1442 nist.
391 1398 456 1438 lib.
488 1400 514 1439 6
535 1411 621 1449 cap.
653 1399 722 1447 16,
750 1398 815 1436 ubi
841 1398 1023 1436 observat
1059 1403 1261 1449 praeterea
1298 1413 1398 1451 quae
1425 1406 1636 1453 sequuntur

140 1475 188 1501 ex
211 1459 352 1499 eodem
379 1455 551 1495 Eusebio
582 1455 836 1506 descripsisse
865 1455 1072 1493 Zonaram.
1128 1454 1234 1494 Duc.

247 1531 290 1570 p.
319 1515 401 1557 562
433 1525 471 1551 v.
502 1512 570 1553 11.
624 1508 697 1559 τὰς
734 1508 871 1564 ψυχας
910 1510 1092 1566 ἐπῳδαῖς
1130 1507 1364 1567 ἀναγαγεῖν]
1405 1511 1483 1552 Dio
1520 1515 1632 1553 unica

135 1587 232 1615 voce
259 1564 565 1625 ἐψυχαγώγηιξε.
611 1567 716 1607 Duc.

250 1643 293 1682 p.
326 1625 411 1670 564
441 1639 478 1666 v.
512 1623 580 1667 14.
637 1627 816 1676 Μαῦρος
844 1618 1057 1676 τυγχάνων
1086 1622 1130 1665 ἐκ
1162 1625 1364 1676 Σικελίας]
1399 1627 1455 1665 ita
1479 1627 1520 1665 in
1548 1627 1634 1679 qui-

136 1687 302 1727 busdam
329 1683 468 1723 Dionis
499 1682 690 1732 excerptis
718 1693 798 1719 mss
821 1680 902 1731 legi
932 1684 1094 1720 annotat
1123 1680 1390 1722 Casaubonus.
1420 1683 1636 1735 Xiphilinus

137 1741 224 1787 dud
253 1740 441 1786 Σικελίας
474 1738 720 1790 Καισαρείας
748 1736 877 1775 habet.
922 1737 1011 1775 vide
1048 1739 1305 1779 coniecturam
1344 1741 1517 1780 eiusdem
1557 1741 1637 1781 Ca-

103 1845 109 1849 ,
136 1800 297 1842 sauboni
320 1799 371 1837 ad
395 1794 610 1835 Macrinum
640 1794 860 1846 Capitolini.
906 1791 1010 1832 Duc.

249 1870 292 1909 p.
323 1854 407 1897 579
433 1866 471 1891 ν.
498 1854 539 1894 8.
601 1847 894 1903 Πομπηϊαιρόν]
922 1849 1089 1889 Maximo
1119 1856 1158 1890 et
1187 1852 1326 1892 Albino
1346 1853 1524 1893 Publium
1547 1867 1635 1894 suc-

136 1915 304 1956 cessisse
331 1910 466 1951 scribit
499 1913 635 1948 auctor
666 1908 847 1946 Chronici
884 1905 1157 1959 Alexandrini,
1194 1909 1357 1961 huicque
1396 1911 1634 1951 Gordianum

136 1973 339 2013 seniorem.
382 1968 417 2006 is
441 1970 571 2005 autem
599 1964 755 2004 Publius
780 1964 968 2004 Maximus
991 1964 1173 2004 Balbinus
1189 1966 1382 2019 Pupienus
1408 1968 1634 2019 vocabatur,

136 2042 252 2082 quem
288 2025 451 2068 eundem
494 2036 585 2062 esse
621 2036 708 2061 cum
734 2021 972 2074 Pompeiano
999 2021 1177 2062 zonarae
1214 2028 1327 2075 putat
1366 2024 1633 2065 Casaubonus.

133 2087 170 2126 is
192 2098 312 2135 vero,
341 2081 598 2132 Pompeianus
630 2079 782 2129 Civica,
810 2077 944 2118 consul
972 2079 1043 2118 fuit
1072 2093 1156 2119 cum
1172 2082 1370 2120 Gordiano
1402 2083 1634 2121 secundum:

137 2144 244 2182 cuius
281 2138 502 2182 consulatus
546 2138 689 2176 mentio
725 2141 785 2175 est
827 2137 869 2174 in
905 2137 1028 2174 veteri
1054 2138 1304 2192 inscriptione
1334 2152 1457 2192 nuper
1481 2140 1586 2180 edita
1613 2151 1637 2178 a

138 2200 290 2242 Thomu
317 2196 502 2239 Reinesio
533 2194 749 2246 [Syntagm.
771 2207 811 2246 p.
841 2191 940 2242 633]

419 2308 782 2348 ANTszNEJA
826 2305 1069 2347 MOYCA

419 2367 536 2405 ΚΑΙ
573 2367 637 2404 Μ.
676 2364 1150 2405 ΑΝΤΩΝΕΙΝΟΟ

418 2423 728 2462 ΑΛΚΜΑΝ
763 2419 1080 2461 ΦΙΛΟΟΟΦ.

426 2478 722 2519 CTOIKOC
756 2478 948 2518 ΑΝΕΘ.

419 2595 563 2634 ΛΤΤ.
595 2590 786 2632 KAIC.
818 2593 882 2631 M.
912 2591 1250 2632 ΑΝΤΩΝΙΩ.

424 2649 784 2691 ΓΟΡΔΙΑΝΩ.
829 2650 909 2687 ΤΕ
947 2647 1081 2700 (scrib.
1118 2649 1171 2701 B)
1252 2697 1265 2703 ⁴

423 2709 550 2748 ,ΚΑΙ
590 2709 636 2747 11
644 2707 883 2746 ΟΜΠΗΑ
894 2706 987 2746 ΝΩ

422 2767 463 2806 Κ
475 2765 538 2806 ΙΟ
551 2767 620 2806 YI
626 2766 665 2805 K
675 2767 713 2805 A
756 2764 839 2804 ΚΟ
854 2762 899 2802 0.
