1820 3120
229 116 331 162 600
706 116 935 160 IOANNIS
970 115 1233 160 ZONARAE

225 225 276 284 ἦν
302 230 375 272 σὺν
399 230 631 288 Βαλλίστᾳ,
666 232 802 271 πᾶσαν
825 228 952 282 αὐτὴν
976 229 1119 284 σχεδὸν
1141 228 1404 284 πεποιημὲνος
1432 228 1509 288 ὕφ’
1543 227 1702 274 ἔαυτόν.

227 297 298 354 ἐφ’
327 297 397 346 οὓς
420 295 441 338 ὁ
466 298 508 337 Γ
504 300 667 351 αλιῆνος
685 296 912 339 Ὠδέναθον
938 296 1130 352 ἔπεμψεν,
1164 291 1455 353 ἡγεμονεύοντα
1478 302 1559 342 τῶν
1578 301 1703 342 Παλ·

175 378 204 412 Β
227 369 431 422 μυρηνῶν.
484 370 556 419 τῆς
580 363 704 420 ἥττης
727 366 772 407 δὲ
794 370 875 407 τῶν
898 367 1126 422 Μακρίνων
1149 358 1221 420 τῆς
1243 366 1347 408 κατὰ
1369 367 1572 409 Παιονίαν
1594 384 1701 421 συμ-

223 431 358 488 βάσης
381 433 644 488 ἀγγελθείσης
667 436 724 490 τῷ
749 435 910 491 Κοΐντῳ
934 436 1002 476 καὶ
1025 438 1083 492 τῷ
1101 435 1332 493 Βαλλίστᾳ,
1357 435 1502 477 πολλαὶ
1523 438 1605 478 τῶν
1625 432 1696 477 ὑπ’

227 502 375 552 αὐτοὺς
398 501 629 556 ἀπέστησαν
653 500 819 544 πόλεων.
880 502 917 544 οἳ
942 503 983 544 δ’
1012 503 1054 545 ἐν
1083 503 1231 559 Ἐμέσῃ
1257 504 1404 559 διῆγον.
1463 502 1566 546 ἔνθα
1589 501 1735 559 ymni-5

226 587 345 624 μενος
369 568 389 612 ὅ
419 570 644 620 Ὠδέναθος
667 572 734 611 καὶ
758 571 982 625 συμβαλὼν
1006 571 1143 621 αὐτοῖς
1165 575 1276 630 νικᾷ,
1311 573 1377 613 καὶ
1401 570 1470 614 τὸν
1493 571 1567 626 μέν
1589 573 1705 614 Βαλ-

227 640 367 682 λίσταν
394 638 516 688 αὐτὸς
539 639 702 694 ἀναιρεῖ
705 671 718 690 ,
753 639 823 681 τὸν
847 640 891 681 δὲ
916 637 1088 682 Κύϊντον
1113 639 1150 681 οἳ
1173 643 1244 694 τῆς
1267 638 1444 690 πόλεως.4
1479 639 1706 683 Ὠδέναθον

229 709 272 749 δὲ
309 711 380 762 τῆς
418 707 699 763 ἀνδραγαθίας
740 705 760 749 ὃ
797 707 990 761 βασιλεὺς
1022 706 1308 763 ἀμειβόμενος,
1344 707 1477 764 πάσης
1503 704 1707 764 ’ἀνατολῆς

230 768 353 818 αὐτὸν
376 777 677 832 προεχειρίσατο
698 774 937 831 στρατηγόν.

370 838 501 894 Οὗτος
523 842 543 885 ὃ
564 844 790 895 Ὠὸέναθος
810 844 936 900 μέγας
958 841 1194 900 γενόμενος,
1228 845 1296 886 καὶ
1313 841 1528 898 Ῥωμαίοις
1551 841 1704 896 πιστός,
1716 853 1762 888 10

228 914 296 954 καὶ
330 913 372 954 ἐν
406 916 570 963 πολλοῖς
608 913 798 967 πολέμοις
832 911 1041 970 διαφόρων
1074 914 1206 955 ἐθνῶν
1237 915 1305 955 καὶ
1339 913 1434 955 κατ’
1469 912 1707 956 αὐτῶν-τῶν

228 983 404 1037 Περσῶν
446 980 707 1038 ἀριστεύσας,
762 985 988 1024 τελευταῖον
1026 979 1105 1023 ὑπὸ
1147 985 1219 1023 τοῦ
1262 983 1365 1024 ἰδίου
1406 979 1708 1040 ἄδελφόπαιδος

230 1049 430 1106 ἀνῃρέθη.
499 1051 540 1092 ἓν
574 1050 652 1106 γὰρ
690 1047 805 1109 θήρᾳ
841 1054 900 1108 τῷ
934 1051 1035 1107 θείῳ
1073 1049 1204 1092 συνὼν
1240 1050 1386 1100 ἐκεῖνος
1392 1064 1420 1102 ,’
1442 1050 1523 1093 ἐπεὶ
1560 1051 1708 1105 θηρίον

179 1124 209 1158 C
234 1118 422 1175 ἐξέθορε,
457 1121 763 1175 προεπεχείρησε
787 1121 854 1160 καὶ
877 1118 947 1161 τὸν
969 1122 1083 1175 θῆρα
1104 1117 1245 1172 βαλών
1267 1118 1443 1161 ἀνεῖλεν·
1481 1116 1502 1161 ὃ
1528 1118 1572 1161 δὲ
1589 1117 1708 1161 Ὠὸἑ-

231 1191 364 1236 ναθος
384 1185 636 1242 ἠγανάκτησε
661 1189 728 1229 καὶ
749 1187 938 1242 ἠπείλησε
963 1191 1021 1245 τῷ
1045 1187 1214 1245 ἀνεψιῷ.
1277 1185 1299 1229 ὃ
1325 1188 1369 1229 δὲ
1391 1187 1465 1230 οὐκ
1488 1184 1705 1239 ἐπαύσατο,
1719 1193 1763 1228 15

231 1254 337 1297 ἀλλὰ
361 1257 428 1297 καὶ
454 1257 516 1305 δὶς
538 1258 605 1298 καὶ
629 1257 715 1312 τρὶς
737 1259 856 1298 τοῦτο
882 1257 1053 1311 ἐποίησε.
1123 1257 1190 1297 καὶ
1214 1255 1421 1311 ὀργισθεὶς
1443 1254 1464 1297 ὅ
1485 1255 1711 1306 Ὠδέναθος

232 1323 418 1380 ἀφείλετο
442 1323 511 1366 τὸν
530 1325 654 1366 ἵππον
679 1325 824 1367 αὐτοῦ·
861 1329 980 1367 τοῦτο
1013 1324 1056 1366 δὲ
1079 1326 1135 1374 εἷς
1154 1322 1333 1379 μεγάλην
1354 1323 1474 1381 ὕβριν
1497 1330 1580 1374 τοῖς
1602 1328 1710 1378 βαρ-

231 1391 377 1447 βάροις
400 1394 608 1448 λογίζεται.
680 1391 912 1447 ἀχθόμενος
943 1394 1076 1435 τοίνυν
1108 1390 1128 1434 ὅ
1152 1393 1310 1443 νεανίας
1330 1392 1482 1446 ἠπείλει
1505 1396 1563 1450 τῷ
1584 1395 1706 1450 θείῳ“

232 1458 253 1502 ὅ
269 1461 313 1502 δὲ
329 1461 396 1502 διὰ
410 1465 528 1503 τοῦτο
543 1466 684 1503 τοῦτον
699 1461 930 1516 ἐδέσμησεν.
955 1460 1039 1503 εἶτα
1059 1459 1079 1502 ὃ
1098 1460 1370 1518 πρεσβύτερος
1385 1465 1464 1504 τῶν
1478 1458 1708 1503 Ὠδενάθου

231 1529 331 1571 υἱῶν
362 1533 538 1583 λυθῆναι
572 1530 642 1572 τὸν
666 1530 830 1583 δέσμιον
853 1530 923 1572 τὸν
947 1530 1101 1586 πατέρα
1124 1528 1326 1586 ᾐτήσατο·
1367 1529 1547 1580 κάκεῖνος
1571 1530 1709 1579 λυθεὶς
1720 1533 1766 1568 20

231 1596 547 1652 συμποσιάζοντι
570 1603 626 1656 τῷ
644 1597 859 1656 Ὠδενάθῳ
884 1599 1068 1640 ἐπελθών
1089 1598 1193 1651 μετὰ
1217 1599 1358 1654 ξίφους
1377 1598 1556 1640 κάκεῖνον
1576 1598 1708 1640 ἀνεῖλε

231 1667 300 1708 καὶ
324 1665 393 1708 τὸν
419 1666 568 1708 ἐκείνου
592 1665 692 1718 υἱόν,
725 1667 783 1708 δι’
819 1661 942 1724 οὗπερ
978 1667 1151 1709 ἐλέλυτο.
1222 1667 1403 1724 ἀνῃρέθη
1438 1667 1482 1708 δὲ
1513 1663 1709 1718 κάκεῖνος)

231 1738 350 1777 τινῶν
374 1735 621 1788 ἐπιθεμένων
645 1735 768 1793 αὖτῷ.

325 1889 347 1923 5
374 1883 413 1920 οἴ
433 1883 470 1920 δ’
496 1885 535 1921 ἐν
553 1884 859 1934 Ἐμέσῃ-διῆγον]
891 1888 957 1922 huc
994 1887 1149 1943 pertinet
1173 1887 1303 1943 Dionis⁸
1320 1887 1513 1923 continuati
1537 1898 1614 1924 exc.
1641 1888 1709 1923 122

328 1946 363 1978 p.
389 1933 456 1967 239
481 1940 573 1969 extr.
713 1934 736 1968 8
758 1939 838 1980 post
865 1933 1031 1979 βασιλευς
1060 1934 1091 1967 Α
1123 1934 1191 1967 add
1216 1945 1340 1970 αυτον,
1481 1933 1527 1968 14
1549 1945 1710 1979 προσεπ-

326 1978 486 2024 εχείρησε
509 1981 554 2015 Α.
693 1980 738 2015 16
763 1978 827 2014 καὶ
850 1986 928 2014 ante
952 1976 1138 2025 ὀργισθεὶς
1158 1979 1313 2023 ABCW,
1339 1991 1393 2015 om
1415 1980 1458 2016 P.

234 2120 304 2150 tum
328 2126 440 2160 paene
464 2116 635 2152 orientem
659 2118 869 2162 subegerat,
905 2116 1126 2150 Odenathum
1152 2115 1435 2160 Palmyrenorum
1460 2116 1580 2151 ducem
1605 2116 1710 2151 misit.

233 2172 352 2195 verum
379 2162 527 2197 Macrini
560 2168 597 2197 et
629 2163 800 2197 Macriani
834 2163 932 2197 clade
959 2162 1162 2196 Pannonica
1192 2162 1370 2205 nuntiata,
1406 2163 1535 2196 multae
1561 2163 1664 2197 urbes
1689 2175 1711 2196 a

236 2206 367 2247 Quinto
393 2212 430 2242 et
455 2209 589 2243 Baiista
611 2209 831 2243 defecerunt.
879 2220 967 2253 quos
992 2208 1198 2242 Odenathus
1223 2208 1372 2242 Emesae
1395 2219 1581 2253 aggressus
1606 2208 1710 2249 vicit3

234 2264 276 2286 ac
299 2253 467 2288 Balistam
491 2255 568 2299 ipse
595 2256 744 2298 occidit,
775 2254 944 2297 Quintum
967 2254 1074 2289 cives.
1123 2265 1192 2300 qua
1222 2255 1266 2287 de
1298 2265 1402 2288 causa
1432 2254 1469 2288 in
1493 2255 1546 2288 rei
1569 2255 1711 2288 fortiter

234 2304 359 2343 gestae
382 2301 572 2346 praemium
596 2302 666 2336 dux
690 2301 798 2336 totius
822 2300 966 2335 orientis
990 2301 1034 2334 ab
1058 2300 1269 2346 imperatore
1291 2299 1492 2344 designatus
1516 2305 1582 2334 est.

372 2367 443 2402 Hic
466 2380 591 2414 magna
614 2368 726 2413 gloria
751 2375 873 2414 parta,
907 2381 982 2403 cum
1005 2369 1136 2402 fidelem
1160 2380 1198 2403 se
1223 2380 1307 2413 erga
1329 2367 1506 2402 Romanos
1529 2368 1711 2413 praebuis-

234 2416 290 2445 set
312 2425 353 2447 ac
378 2413 496 2448 varias
521 2419 643 2459 gentes
673 2415 788 2449 multis
811 2415 911 2449 bellis
936 2415 1137 2459 devicisset,
1162 2419 1284 2449 contra
1297 2413 1424 2449 Persas
1444 2415 1547 2448 etiam
1564 2426 1603 2448 re
1621 2415 1710 2449 bene

234 2463 353 2503 gesta,
386 2461 523 2494 tandem
548 2472 569 2495 a
591 2461 710 2495 fratris
737 2462 790 2495 sui
814 2462 886 2495 filio
912 2466 966 2495 est
988 2461 1137 2495 occisus.
1184 2461 1244 2505 qui
1268 2471 1343 2494 cum
1364 2459 1399 2493 in
1425 2460 1611 2494 venatione
1636 2461 1708 2495 bei-

234 2504 324 2538 luam
348 2510 544 2550 surgentem
569 2507 666 2551 prior
690 2507 814 2541 emisso
837 2507 948 2542 iaculo
974 2507 1181 2550 deiecisset,
1207 2516 1316 2550 eaque
1340 2505 1383 2539 de
1405 2518 1512 2540 causa
1537 2518 1558 2540 a
1581 2511 1706 2551 patruo

236 2550 438 2594 obiurgatus
474 2552 598 2593 iterum
630 2565 671 2587 ac
702 2553 810 2587 tertio
841 2553 931 2587 idem
963 2553 1128 2596 fecisset,
1163 2551 1366 2586 odenathus
1390 2552 1500 2586 iratus
1525 2563 1650 2597 equum
1674 2551 1708 2586 ei

236 2596 386 2640 ademit,
423 2609 512 2643 quae
535 2610 659 2643 magna
682 2599 874 2644 ignominia
898 2598 1047 2632 habetur
1070 2597 1162 2643 apud
1187 2598 1375 2640 barbaros,
1410 2604 1445 2632 et
1467 2599 1635 2632 hominem
1665 2610 1707 2632 ea

236 2641 280 2674 de
314 2654 419 2677 causa
453 2645 563 2678 minas
594 2645 784 2690 spirantem
816 2645 852 2678 in
883 2645 1024 2679 vincula
1056 2642 1214 2679 coniecit.
1261 2644 1321 2677 sed
1345 2649 1470 2688 postea
1492 2648 1618 2689 rogatu
1643 2643 1706 2678 filii

237 2687 414 2722 Odenathi
437 2695 522 2724 natu
546 2690 684 2724 maioris
708 2692 863 2734 solutus,
898 2690 1020 2724 stricto
1050 2689 1164 2734 guadio
1189 2689 1303 2734 ipsum
1330 2690 1550 2724 odenathum
1577 2694 1613 2724 et
1637 2689 1709 2723 eius

236 2733 342 2768 filium
365 2734 590 2771 liberatorem
614 2748 711 2771 suum
733 2737 769 2771 in
794 2736 958 2772 convivio
982 2735 1170 2777 interfecit,
1196 2740 1301 2781 atque
1326 2735 1412 2782 ipse*
1429 2736 1532 2771 etiam
1558 2737 1602 2771 ab
1630 2735 1710 2770 aliis

237 2784 291 2814 est
318 2781 465 2816 occisus.
