1820 3120
238 145 339 192 594
720 144 951 188 IOANNIS
980 144 1242 189 ZONARAE

235 265 320 310 τοῖς
341 259 527 314 Πέρσαις
549 254 789 314 ἱστόρησαν·
821 260 896 301 εἶσὶ
920 259 964 300 δ’
991 258 1036 301 οἳ
1053 257 1196 302 ἑκόντα
1219 261 1321 316 φασὶ
1344 259 1413 303 τὸν
1440 260 1716 320 Οὐαλεριανὸν

235 331 529 385 προσχωρῆσαι
561 331 645 375 τοῖς
667 325 872 382 Πέρσαις,
908 325 970 369 ὅτι
993 328 1033 369 ἒν
1052 327 1195 385 Ἐδέσῃ
1220 327 1577 384 ὁιάγοντοςαῧτοῦ
1598 330 1716 386 λιμὸς

235 397 383 450 ἐπῆκτο
421 401 506 444 τοῖς
540 392 833 451 στρατιώταις,
883 396 1104 439 κάντεῦθεν
1141 399 1198 447 εἷς
1232 395 1374 440 στάσιν
1410 399 1611 453 κεκίνηντο
1647 401 1714 446 καὶ

235 464 389 507 ἀνελεῖν
423 462 586 517 ἐζήτουν
620 462 692 505 τὸν
728 462 1024 521 αὐτοκράτορα.
1095 461 1115 507 ὅ
1154 466 1199 508 δὲ
1233 466 1307 518 τὴν
1343 469 1424 508 τῶν
1457 470 1716 523 στρατιωτῶν
1803 521 1806 525 ¹

237 532 429 582 δεδοικώς
452 530 722 574 ἐπανάστασιν
746 532 849 587 πρὸς
871 533 940 575 τὸν
963 531 1167 591 Σαπώρην
1189 534 1430 591 κατέφυγεν,
1457 536 1528 577 *ἵνα
1551 534 1614 591 ’μὴ
1633 533 1750 579 ὗπὸ5
1801 556 1803 562 ’

183 608 213 644 Β
237 606 317 644 τῶν
351 601 504 643 οἰκείων
536 598 760 654 ἀπόληται,
804 604 862 658 τῷ
894 603 1071 659 πολεμίῳ
1113 602 1382 658 προδεδωκὼς
1419 601 1578 656 ἔαυτόν,
1611 603 1719 648 ἀλλὰ

234 670 393 724 μέντοι,
430 667 526 711 ὅσον
548 668 594 711 τὸ
619 668 686 709 ἐπ’
715 668 848 726 αὐτῷ,
884 672 951 712 καὶ
975 670 1027 712 τὰ
1056 668 1267 725 Ῥωμαίων
1298 669 1598 728 στρατεύματα.
1669 672 1716 714 οὗ

234 738 317 794 μὴν
351 738 389 780 οἶ
421 741 666 794 στρατιῶται
699 735 929 790 ἀπώλοντο,
966 738 1070 781 ἀλλὰ
1102 737 1261 795 γνόντες
1292 740 1366 795 τὴν
1397 741 1622 798 προδοσίαν
1645 742 1717 783 ’δι-

235 807 399 864 έφυγον,
435 806 579 860 ὀλίγων
612 807 920 861 ἀναιρεθέντων.
991 808 1075 850 εἴτε
1094 809 1137 850 δὲ
1161 806 1423 864 δορυάλωτος
1444 807 1610 867 ἐλήφθη
1633 815 1719 860 τοῖς
1801 858 1813 871 ⁴

234 875 420 931 Πέρσαις
443 872 463 916 ὅ
487 871 700 928 βασιλεύς,
729 874 813 917 εἴθ’
841 874 942 919 ἑκὼν
965 875 1108 919 ἑαυτὸν
1132 877 1270 927 αὐτοῖς
1293 878 1537 936 ἐνεχείρισεν,
1563 879 1716 933 ἀτίμως
1730 883 1774 918 lo
1800 920 1804 936 ·‚

234 942 352 1000 ἤγετο
378 943 488 999 παρὰ
513 947 584 986 τοῦ
610 941 828 1001 Σαπώρου.

377 1012 428 1054 Οἳ
461 1013 622 1068 Πέρσαι
657 1011 699 1053 δὲ
732 1012 836 1055 κατὰ
872 1015 1008 1054 πᾶσαν
1039 1011 1179 1055 ἄδειαν
1210 1019 1300 1064 ταΐς
1333 1011 1495 1057 πόλεσιν
1527 1011 1717 1066 ἐπιόντες,

234 1078 309 1135 τήν
340 1097 381 1122 τε
415 1080 519 1136 πρὸς
549 1084 607 1138 τῷ
633 1077 805 1138 Ὀρόντῃ
840 1080 1022 1137 αἱροῖσιν
1049 1079 1292 1135 Ἀντιόχειαν
1315 1084 1383 1124 καὶ
1405 1081 1479 1137 τὴν
1501 1096 1718 1141 περιφανε-

235 1149 382 1205 στέραν
405 1153 486 1191 τῶν
508 1153 580 1204 τῆς
603 1150 791 1200 Κιλικίας
813 1147 966 1192 πόλεων
989 1150 1063 1204 τὴν
1090 1151 1254 1208 Ταρσὸν
1278 1152 1344 1193 καὶ
1367 1150 1442 1206 τὴν
1472 1151 1512 1194 ἓν
1538 1153 1717 1194 Καππα-
1802 1203 1812 1214 Ἦ

236 1218 355 1277 δοκίᾳ
380 1216 646 1273 Καισάρειαν.
716 1220 783 1260 καὶ
807 1222 970 1273 πλῆθος
993 1217 1263 1274 αῗχμαλώτων
1286 1217 1597 1276 συναγαγόντες,
1611 1215 1717 1264 οὐδὲ
1727 1229 1775 1265 15
1797 1222 1813 1283 ι’

235 1289 394 1343 τροφῆς
426 1286 563 1336 αὐτοῖς
596 1287 832 1340 μετεδίδουν
866 1290 900 1329 εἲ
934 1287 991 1341 μὴ
1026 1289 1251 1345 βραχίστης
1285 1286 1386 1331 ὥστ’
1423 1288 1589 1344 ἀποζῆν,
1624 1287 1716 1332 οὕτε

234 1354 317 1409 μὴν
339 1353 490 1404 ὕδατος
512 1356 689 1409 μετέχειν
713 1358 768 1406 εἷς
791 1353 912 1412 κόρον
938 1355 1028 1398 εἶ’ων
1054 1354 1203 1407 αὐτούς
1211 1389 1224 1408 ,
1260 1357 1354 1399 ἀλλ’
1390 1356 1500 1408 ἅπαξ
1523 1362 1596 1413 τῆς
1617 1356 1719 1413 ἦμέ-

235 1440 312 1479 ρας
344 1424 381 1465 οἳ
414 1421 568 1466 τούτων
602 1426 774 1481 φρουροὶ
806 1423 975 1466 ε’λαυνον
999 1425 1149 1476 αὐτοὺς
1172 1427 1241 1483 ἐφ’
1266 1424 1379 1482 ὕδωρ
1403 1423 1537 1485 ὥσπερ
1559 1424 1718 1481 βοσκή-

185 1502 216 1536 C
238 1508 365 1547 ματα.
433 1492 506 1546 τὴν
530 1491 782 1549 Καισάρειαν
813 1493 856 1535 δὲ
886 1492 1212 1551 πολυάνθρωπον
1235 1488 1362 1537 οὖσαν
1384 1495 1494 1553 (περὶ
1515 1492 1717 1552 τεσσαρά·
1805 1547 1806 1550 ¹

235 1576 358 1602 κοντα
390 1560 468 1617 γὰρ
501 1559 708 1617 μυριάδας
740 1559 971 1618 ἀνθρώπων
1007 1563 1048 1604 ἐν
1085 1563 1189 1619 αὐτῇ
1224 1563 1378 1618 λέγεται
1414 1566 1628 1619 κατοικεῖν)
1665 1562 1775 1608 οὖ20
1799 1624 1801 1626 q

236 1626 433 1685 πρότερον
458 1625 577 1680 εἷλον,
612 1631 799 1685 γενναίως
830 1634 911 1672 τῶν
945 1632 986 1672 ἓν
1018 1630 1122 1687 αὐτῇ
1153 1638 1237 1682 τοῖς
1268 1633 1472 1685 πολεμίοις
1503 1632 1718 1676 ἀντικαθι-

238 1697 461 1750 σταμένων,
496 1699 562 1739 καὶ
598 1699 956 1755 στρατηγουμένων
980 1696 1059 1742 ὖπό
1083 1716 1190 1750 τινος
1212 1700 1533 1754 Δημοσθένους,
1568 1699 1719 1757 ἀνδρὸς

238 1767 305 1807 καὶ
343 1765 529 1822 ἀνδρείου
566 1769 633 1808 καὶ
668 1771 856 1817 συνετοῦ,
905 1767 1024 1823 πρινή
1061 1785 1121 1818 τις
1157 1767 1416 1826 δορυάλωτος
1451 1771 1718 1823 κατασχεθεὶς

333 1920 354 1953 1
376 1893 466 1958 ’τοὺς
487 1915 625 1962 πέρσας
649 1915 848 1964 ΐστόρησαν
871 1919 914 1954 Α.
1019 1918 1090 1955 εἰσὶ
1113 1918 1156 1955 δ’
1181 1920 1241 1965 οἳ]
1266 1933 1319 1956 ex.
1343 1933 1397 1967 gr.
1422 1921 1599 1968 Georgius
1623 1923 1717 1966 Syn·

331 1964 437 1998 cellus
469 1964 485 1996 I
518 1977 555 2009 p.
590 1964 657 1999 715
693 1965 748 2001 ed.
785 1967 900 2001 Bonn.
1061 1967 1083 2000 5
1107 1963 1172 2003 τὸν
1197 1979 1252 2002 om
1275 1968 1317 2004 A.
1480 1967 1527 2003 23
1549 1966 1613 2003 καὶ
1636 1972 1717 2002 ante

329 2007 505 2053 ἀνδρείου
531 2021 584 2044 om
607 2010 651 2048 B.

237 2145 339 2180 dunt.
386 2149 469 2180 sunt
502 2149 539 2181 et
571 2146 632 2192 qui
665 2158 740 2182 eum
777 2148 867 2183 ultro
899 2148 1109 2185 deditionem
1141 2151 1271 2186 fecisse
1300 2154 1463 2195 narrent,
1494 2151 1606 2196 quod,
1640 2162 1717 2186 cum

237 2191 399 2226 Edessae
423 2197 566 2236 ageret,
603 2193 729 2227 milites
752 2195 843 2228 same
866 2194 1067 2230 laborantes
1096 2197 1268 2231 seditione
1292 2201 1384 2231 mota
1409 2197 1453 2231 de
1478 2196 1718 2232 interficiendo

237 2237 318 2282 ipso
343 2238 552 2282 cogitarint:
581 2250 656 2273 eum
682 2251 783 2282 vero,
803 2252 847 2275 ne
872 2252 893 2275 a
918 2242 991 2275 suis
1016 2243 1246 2286 occideretur,
1275 2243 1319 2277 ad
1341 2243 1510 2288 Saporem
1533 2243 1717 2288 profugum

238 2283 336 2317 hosti
360 2289 397 2317 et
421 2295 460 2318 se
483 2289 540 2327 et,
577 2291 741 2329 quantum
767 2287 811 2321 ad
835 2287 947 2331 ipsum
973 2288 1163 2331 attineret,
1196 2289 1350 2332 legiones
1381 2288 1484 2323 etiam
1518 2289 1717 2324 tradidisse.

238 2329 368 2363 milites
392 2334 510 2364 tamen
536 2342 604 2364 non
627 2332 819 2375 perierunt,
844 2333 905 2367 sed
930 2334 1131 2378 proditione
1154 2334 1315 2379 cognita,
1341 2334 1462 2380 paucis
1483 2335 1608 2370 occisis
1629 2334 1719 2369 effu-

238 2380 378 2419 gerunt.
427 2376 603 2410 enimvero
628 2379 836 2423 imperator,
870 2379 948 2413 sive
979 2379 1015 2413 in
1050 2380 1143 2415 acie·
1161 2385 1284 2426 captus
1315 2382 1393 2416 sive
1417 2382 1510 2416 ultro
1534 2381 1718 2427 profugus,

237 2421 468 2466 ignominiose
491 2432 515 2456 a
536 2422 671 2468 Sapore
694 2425 930 2460 tractabatur.

380 2489 509 2524 Persae
540 2502 625 2525 vero
658 2491 733 2526 sine
765 2491 834 2526 ullo
859 2497 950 2527 metu
975 2493 1078 2528 urbes
1103 2493 1215 2528 adorti
1238 2493 1456 2530 Antiochiam
1480 2494 1524 2529 ad
1548 2494 1716 2529 Orontem

239 2539 278 2568 et
312 2534 538 2569 clarissimam
571 2537 720 2571 Ciliciae
753 2538 930 2572 civitatem
963 2539 1113 2573 Tarsum
1152 2544 1189 2574 et
1220 2540 1470 2586 Cappadociae
1498 2541 1715 2579 ‘Caesaream

239 2584 429 2624 ceperunt,
457 2592 521 2616 nec
544 2583 762 2627 captivorum
788 2584 1000 2619 multitudini
1031 2586 1102 2619 cibi
1126 2585 1203 2630 plus
1232 2586 1403 2620 dederunt
1425 2597 1527 2631 quam
1551 2591 1716 2631 qnantum

242 2626 287 2659 ad
312 2626 474 2660 tuendam
503 2628 610 2662 vitam
635 2630 721 2663 satis
747 2635 854 2667 esset.
881 2631 980 2664 immo
1005 2642 1067 2665 nec
1089 2642 1211 2676 aquam
1235 2632 1368 2666 affatim
1392 2632 1515 2667 bibere
1539 2633 1600 2666 siti
1621 2637 1715 2674 sunt,

242 2671 303 2704 sed
328 2682 349 2705 a
372 2673 574 2708 custodibus
598 2674 631 2707 in
656 2675 712 2708 die
735 2677 840 2710 semel
863 2677 974 2710 instar
995 2677 1163 2721 pecudum
1186 2682 1352 2722 aquatum
1373 2678 1456 2712 acti.
1505 2678 1716 2713 Caesaream
1758 2699 1780 2719 κ,
1795 2674 1809 2715 ’.ι

240 2727 327 2750 vero
353 2718 597 2763 Cappadociae
630 2722 944 2766 frequentissimam
979 2724 1098 2756 urbem
1131 2724 1228 2765 (nam
1259 2724 1304 2757 ad
1328 2724 1717 2769 quadringenta‘homi-
1776 2724 1809 2771 -ἑ,

241 2773 321 2795 num
344 2763 440 2797 milia
464 2776 538 2799 eam
560 2766 746 2801 incoluisse
770 2768 975 2810 traduntur)
1001 2780 1068 2802 n‘on
1090 2769 1186 2814 prius
1214 2768 1331 2804 hostes
1354 2774 1541 2815 ceperunt,
1565 2769 1716 2804 obsessis
1786 2801 1787 2807 ,

241 2814 385 2842 strenue
409 2820 447 2845 se
470 2811 762 2857 defendentibus,
788 2814 1020 2848 Demosthene
1043 2813 1121 2848 viro
1146 2814 1231 2849 forti
1254 2820 1291 2850 et
1315 2817 1458 2851 cordato
1482 2816 1589 2860 duce,
1614 2826 1716 2863 quam
1778 2827 1790 2848 ·.·
