1820 3120
210 117 312 164 620
469 129 472 133 ‘
687 114 917 160 IOANNIS
953 114 1215 192 zoliARAE

207 229 493 287 προσεφέρετο.
561 228 976 284 γυναικομανέστατος
1007 231 1088 286 γὰρ
1120 231 1187 272 καὶ
1217 228 1510 285 μοιχικώτατος
1534 231 1592 276 ὢν
1614 233 1688 277 οὐκ

209 294 416 347 ἲδιῶτιδας
437 294 561 351 μόνον
585 303 778 352 γυναῖκας
803 296 982 349 ἀκούσας
999 297 1204 353 ἐλάμβανε
1221 300 1288 341 καὶ
1304 291 1456 351 ταύτας
1473 301 1689 356 ἐμοίχευεν,

209 367 313 409 ἀλλὰ
346 367 414 407 καὶ
444 365 518 415 τὰς
547 369 628 407 τῶν
658 369 893 422 περιφανῶν
925 366 1085 424 ἀνδρῶν
1115 367 1296 424 γαμετὰς
1323 369 1397 428 βίᾳ
1424 371 1507 411 τῶν
1527 369 1689 428 ἀνδρῶν

207 435 402 477 ἀποσπῶν
434 435 502 475 καὶ
534 434 750 491 ἐνυβρίζων
782 434 924 485 αὐταΐς
960 435 1088 487 οὕτως
1120 436 1223 492 πρὸς
1253 436 1349 487 τοὺς
1378 437 1509 488 ἰδίους
1536 435 1688 490 ταύτας

156 515 186 548 C
211 501 424 551 συνεύνους
447 502 659 556 ἀνέπεμπε.
719 504 927 556 μαντείαις
950 506 976 546 δ
982 504 993 520 ’
1019 499 1068 560 ἦν
1091 505 1377 562 προσεσχηκώς
1396 510 1605 558 τοσοῦτον,
1629 504 1720 558 ὧςό

206 573 311 626 μηδὲ
333 569 597 625 τούλάχιστον
620 578 746 613 ποιεῖν
779 571 876 626 ἄνευ
909 577 1122 626 μαντειῶν,
1156 574 1223 616 καὶ
1258 573 1328 616 διὰ
1347 577 1479 630 ,τιμῆς
1509 575 1621 633 αὐτῷ
1650 575 1691 618 οἳ

208 644 416 690 ποιοῦντες
439 639 489 682 τὰ
513 638 726 697 ἀπόρρητα
748 639 907 696 ἤγοντο.
971 636 1089 692 οὗτος
1113 646 1193 685 τῶν
1219 641 1394 696 εὐσεβῶν
1417 645 1691 701 πανολεθρίαν

208 709 542 764 κατεψηφίσατο,
585 711 652 750 καὶ
685 708 759 758 τὰς
788 707 981 765 ὑπάρξεις
1003 711 1137 753 αὐτῶν
1161 709 1415 765 δημεύεσθαι
1439 710 1690 769 ἀπεφήνατο,

209 778 326 820 οὐδὲν
351 778 484 833 ἕτερον
507 782 591 827 τοῖς
614 777 809 828 ἀναιτίοις
831 777 1077 834 προσάπτων
1101 780 1269 834 αἰτίαμα
1292 778 1320 835 ἢ
1341 779 1416 836 τὴν
1438 782 1690 838 θεογνωσίαν

208 848 276 888 καὶ
299 845 373 900 τὴν
396 847 528 887 πίστιν
551 845 623 899 τὴν
647 848 702 896 εἷς
719 845 917 903 λ’ριστόν.
1700 861 1747 896 10

347 915 415 956 33.
464 914 697 965 Ma‘gae'mog
720 915 760 956 δ’
788 916 829 958 ἐν
846 913 982 972 Ῥώμῃ
1008 915 1125 958 οὐδέν
1147 933 1184 958 τι
1208 913 1474 974 μετριώτερος
1495 913 1692 972 τύραννος

208 990 293 1033 τοῖς
314 980 507 1037 ὖῃηκόοις
530 981 741 1038 ἐτύγχανεν
765 983 835 1036 ὤν,
871 984 963 1026 ἀλλ’
1000 984 1140 1039 ἐπίσης
1164 989 1223 1043 τῷ
1245 986 1468 1044 Μαξιμίνῳ
1493 986 1616 1028 διεῖπε
1639 984 1692 1028 τὰ

176 1060 182 1063 “
209 1057 282 1107 τῆς
305 1052 453 1107 ἀρχῆς,
490 1055 643 1094 λυττῶν
667 1052 848 1103 κάκεῖνος
870 1052 974 1095 κατὰ
998 1057 1078 1096 τῶν
1101 1051 1179 1096 ὕπὸ
1201 1061 1320 1111 χεΐρα
1340 1058 1598 1112 χριστιανῶν,
1624 1055 1692 1096 καὶ

210 1119 362 1170 πάσαις
387 1120 534 1169 αὐτοὺς
557 1118 723 1176 ὖπάγων
746 1120 946 1165 κακώσεσι
960 1154 973 1174 ,
1009 1123 1077 1163 καὶ
1110 1121 1213 1179 πρὸς
1245 1120 1400 1173 πάντας
1430 1123 1474 1165 δὲ
1497 1122 1593 1174 τούς
1613 1119 1689 1166 ὐπ’

158 1195 190 1229 D
215 1189 339 1231 αὐτὸν
362 1187 584 1244 πικρότατα
610 1191 869 1245 διακείμενος.
928 1189 1091 1248 σφαγάς
1111 1208 1153 1233 τε
1177 1190 1256 1248 γὰρ
1278 1195 1438 1247 ποῇλῶν
1459 1195 1692 1248 περιφανῶν
1702 1201 1748 1236 15

210 1258 371 1314 ἀνδρῶν
396 1259 437 1308 ἐξ
462 1257 655 1311 οὐδεμιᾶς
678 1259 834 1302 ἐνδίκου
860 1260 973 1314 δίκης
996 1260 1168 1311 ἐτίθετο,
1194 1262 1260 1302 καὶ
1283 1260 1469 1314 μοιχείας
1493 1258 1692 1318 ὁσημέραι

212 1327 379 1382 εὐγενῶν
412 1324 562 1380 ἐτόλμα
593 1329 766 1382 γυναίων
798 1330 865 1370 καὶ
898 1328 1115 1384 παρθένιον
1146 1326 1334 1385 φθοράς,
1370 1329 1591 1385 ἐνυβρίζων
1613 1329 1694 1372 αὖ-

210 1403 298 1445 ταΐς
323 1395 612 1447 ἀναιδέστατα,
641 1399 707 1438 καὶ
732 1397 880 1439 οὐσιῶν
904 1397 1138 1454 ἀφαιρέσεις
1161 1398 1325 1448 ἀδίκους
1347 1404 1431 1448 τοῖς
1453 1397 1693 1454 εὐποροῦσιν

211 1466 354 1519 ἐπῆγε,
389 1466 455 1505 καὶ
478 1472 635 1514 καιναῖς
660 1464 887 1522 εἷσπράξεσι
911 1467 978 1507 καὶ
1000 1467 1186 1521 βαρείαις
1207 1467 1329 1518 ἐπίεζε
1352 1466 1398 1509 τὸ
1421 1463 1614 1521 ὐπῆκοον.
1644 1482 1649 1483 ’

354 1526 486 1581 Οὗτος
518 1533 559 1574 ἐν
586 1531 722 1590 Ῥώμῃ
756 1531 1037 1589 εὐγενεστάτης
1069 1534 1177 1584 τινὸς
1208 1534 1397 1590 γυναικὸς
1427 1535 1533 1577 ἀλλὰ
1553 1534 1748 1590 με’ντοι20

211 1602 277 1642 καὶ
311 1599 525 1657 σώφρονος
556 1600 675 1659 ἀνδρὶ
709 1601 892 1657 συζώσης
923 1606 1004 1645 τῶν
1028 1598 1077 1644 μἐν
1103 1600 1238 1660 Ῥώμῃ
1270 1604 1476 1660 ἐπιφανῶν
1500 1604 1693 1661 ἐρασθεὶς

305 1708 327 1742 5
351 1699 413 1751 ἦν]
438 1699 487 1741 αὖ
511 1709 554 1743 Α.
694 1707 951 1754 προσεσχηκώς
970 1709 1043 1754 ΑΒ,
1066 1706 1300 1754 προεσχηκὼς
1323 1711 1415 1745 PW.
1554 1711 1577 1746 6
1599 1706 1692 1746 ἄνευ
1740 1735 1744 1737 »

305 1756 429 1787 ποιεῖν
451 1755 526 1790 ΑΒ.
629 1755 811 1799 μαντείων
833 1756 876 1789 Β.
978 1758 1021 1791 12
1045 1756 1242 1802 Μαξιμίνῳ
1266 1756 1371 1791 etiam
1399 1756 1573 1792 Eusebius
1595 1757 1690 1794 Hist.

305 1800 433 1834 eccles.
459 1800 520 1835 lib.
543 1800 566 1834 8
594 1813 627 1835 c.
651 1802 707 1837 14.
831 1803 875 1836 15
899 1798 969 1835 ὑπ’
994 1799 1118 1836 αὐτῶν
1142 1802 1185 1837 C.
1285 1799 1352 1837 ὑπ’
1378 1799 1518 1844 αὐτοὺς
1537 1800 1691 1839 ἄπιστό-

305 1857 401 1879 τατοι
426 1845 656 1891 διακείμενος
678 1847 720 1882 Β.
863 1847 908 1883 19
931 1844 974 1882 τὸ
996 1849 1064 1882 add
1088 1849 1165 1884 AC.
1515 1845 1518 1848 ⁴

352 1915 524 1950 Foerns.
575 1916 661 1960 Cap.
685 1915 743 1950 33.
793 1916 962 1952 Fortasse
996 1916 1068 1951 Dio
1101 1916 1346 1955 continuatus».
1396 1917 1544 1953 Eusebii
1568 1917 1689 1954 Histo-

305 1961 382 1995 riae
406 1961 664 1997 ecclesiasticae
686 1962 746 1998 lib.
769 1961 805 1997 8.
962 1961 966 1964 ’

213 2054 356 2088 arderet
380 2065 422 2087 ac
447 2065 597 2088 summus
618 2053 758 2088 adulter
780 2057 894 2098 esset,
919 2065 989 2088 non
1013 2054 1176 2099 privatae
1199 2053 1415 2089 condicionis
1437 2054 1546 2089 solum
1570 2053 1692 2089 mulie-

213 2111 270 2134 res
294 2099 340 2134 ad
363 2104 485 2144 stupra
507 2101 690 2145 rapiebat,
726 2101 787 2135 sed
811 2101 916 2135 etiam
938 2099 1122 2134 illustrium
1144 2099 1297 2134 <sitorum
1321 2100 1484 2145 coniuges
1512 2112 1534 2135 a
1558 2100 1692 2135 maritis

214 2158 277 2191 per
301 2145 370 2180 vim
395 2146 535 2180 avulsas
560 2147 700 2192 expleta
724 2147 869 2181 libidine
903 2157 966 2180 sua
997 2147 1133 2181 domum
1163 2146 1382 2181 remittebat:
1414 2147 1692 2182 divinationibus

213 2192 301 2226 adeo
325 2191 485 2235 deditus,
517 2197 557 2227 ut
581 2193 707 2226 nullam
730 2204 802 2226 rem
827 2192 994 2226 minimam
1019 2193 1063 2226 iis
1086 2192 1291 2227 inconsultis
1315 2193 1530 2239 susciperet,
1567 2196 1606 2227 et
1627 2204 1688 2227 ar-

213 2249 376 2272 canorum
399 2237 536 2272 illorum
559 2238 802 2283 patratoribus
826 2239 990 2272 honorem
1013 2239 1170 2275 haberet.
1210 2239 1268 2274 hic
1289 2239 1366 2284 pios
1389 2239 1543 2273 homines
1565 2238 1610 2272 ad
1634 2238 1689 2272 in-

212 2284 446 2318 ternecionem
471 2285 735 2328 condemnavit,
758 2296 945 2330 eorumque
969 2285 1154 2319 facultates
1178 2284 1389 2331 publicavit,
1413 2285 1505 2319 nullo
1529 2283 1596 2318 alio
1621 2284 1710 2318 cri·-

211 2330 304 2364 mine
326 2329 522 2365 insontibus
545 2331 682 2365 obiecto
706 2336 948 2376 praeterquam
972 2331 1030 2364 dei
1051 2331 1253 2376 cognitione
1269 2334 1306 2365 et
1319 2331 1387 2365 fide
1402 2331 1438 2365 in
1454 2330 1642 2366 Christum.

350 2375 407 2411 33.
455 2377 656 2411 Maxentius
679 2388 767 2411 vero
792 2377 925 2410 Romae
947 2377 1051 2411 nihilo
1079 2377 1283 2412 clementior
1306 2381 1478 2422 tyrannus
1499 2376 1590 2421 suit,
1624 2375 1688 2411 sed

213 2433 326 2466 aeque
349 2426 387 2455 ut
410 2421 618 2456 Maximinus
643 2423 906 2468 [Maximianus]
927 2423 1108 2468 imperium
1131 2423 1409 2465 administravit,
1441 2423 1478 2457 in
1511 2422 1688 2469 proximos

213 2479 372 2513 quosque
395 2467 616 2503 Christianos
645 2469 872 2512 insaniendo,
907 2473 943 2503 et
978 2470 1136 2504 omnibus
1169 2481 1231 2504 eos
1261 2469 1434 2503 aerumnis
1466 2468 1688 2514 exagitando,

213 2525 414 2559 summaque
447 2515 598 2559 perfidia
630 2515 665 2549 in
702 2526 818 2549 omnes
852 2526 934 2550 suos
967 2516 1127 2550 subditos
1150 2515 1353 2560 grassando.
1400 2526 1477 2549 nam
1504 2519 1541 2549 et
1561 2515 1688 2549 multos

212 2559 326 2594 claros
350 2560 449 2594 viros
474 2562 568 2595 nullo
592 2562 685 2596 iusto
710 2561 838 2595 iudicio
863 2561 1064 2604 occidebat,
1101 2566 1137 2595 et
1160 2561 1293 2595 nobiles
1316 2566 1492 2595 matronas
1516 2573 1557 2595 ac
1580 2559 1688 2605 virgi-

211 2617 274 2639 nes
299 2607 335 2639 in
359 2606 434 2641 dies
458 2618 522 2653 per
546 2617 708 2642 summam
732 2607 972 2641 contumeliam
997 2608 1265 2651 constupmbat,
1290 2610 1327 2640 et
1348 2607 1575 2653 locupletibus
1597 2608 1688 2640 bona

209 2662 273 2696 per
296 2651 456 2686 iniuriam
481 2653 674 2699 eripiebat,
710 2658 747 2687 et
778 2653 939 2688 subditos
972 2654 1073 2688 novis
1105 2653 1217 2698 iisque
1251 2653 1421 2697 gravibus
1447 2651 1688 2688 exactionibus

210 2699 401 2732 atterebat.

346 2744 413 2777 Hic
437 2744 624 2789 aliquando
648 2745 779 2779 Romae
803 2744 1039 2779 nobilissimae
1062 2747 1251 2789 castaeque
1274 2748 1471 2788 matronae,
1498 2754 1589 2790 quae
1611 2744 1690 2778 viro

209 2787 334 2823 illustri
360 2795 469 2835 nupta
495 2795 582 2836 erat,
607 2791 810 2826 immodesto
835 2802 950 2826 amore
973 2795 1178 2836 correptus,
1204 2790 1324 2825 talium
1348 2802 1490 2837 operum
1516 2789 1690 2836 ministros
