1832 3126
592 110 880 155 ‹ANNALIUM
906 110 993 154 VII
1015 111 1055 153 4.
1496 110 1556 155 13

53 232 55 234 ’
91 224 439 286 βραχιονιστήρων
470 226 691 284 ἐρασθεῖσα
724 224 795 277 οθς
816 226 858 268 ἐν
879 230 968 276 ταῖς
985 224 1214 282 ἀριστεραῖς
1234 223 1407 283 ἐφόρουν
1420 229 1559 285 χερσὶν

43 343 45 345 ,
94 297 134 340 οἳ
155 299 348 351 Σαβῖνοι,
382 295 448 337 καὶ
470 293 623 349 μισθὸν
643 292 744 352 ὑπὲρ
765 298 838 349 τῆς
859 295 1082 352 προδοσίας
1105 292 1254 343 αὐτοὺς
1276 298 1412 349 λαβεῖν
1435 296 1559 339 ἅπαι-

46 399 47 402 ,
92 363 266 421 τήσᾱσαι
333 363 579 418 συνθεμένου
599 363 643 406 δὲ
661 366 734 406 τοῦ·
759 363 914 406 Τατίου
933 361 1087 419 νύκτωρ
1103 363 1201 416 μίαν
1219 359 1348 417 πύλην
1367 364 1561 415 ἀνοίξασα

93 433 188 485 τοὺς
209 433 413 487 Σαβίνους
434 431 609 484 ἐδέξατο.
677 431 871 475 εἰσελθὼν
894 433 939 475 δὲ
963 430 983 475 ὃ
1002 430 1154 482 Τάτιος
1177 431 1354 474 ἐκέλευσε
1372 434 1467 483 τοὺς
1485 433 1557 476 ὑπ’
1585 441 1613 476 Ρ
1638 441 1655 476 1
1679 439 1747 478 318

35 501 218 547 Ἃι’)οιῦτόν
253 501 331 545 ὅσα
363 502 405 544 ἐν
434 500 783 558 ταῖςηάριστεραῖς
810 502 950 559 χερσὶν
980 500 1124 558 ἔφερον
1150 497 1307 543 διδόναι
1331 501 1435 558 αὐτῇ
1445 534 1458 553 ,
1494 505 1561 544 καὶ

37 579 39 585 ’
90 576 250 629 πρῶτος
285 569 406 621 αὗτός
436 570 507 614 τὸν
537 573 856 628 βραχιονιστῆρα
886 574 938 627 τῇ
962 571 1157 629 Ταρπηΐα
1187 569 1377 626 ἐπέρριψε
1401 572 1467 613 καὶ
1491 571 1560 613 τὸν

90 637 255 697 θυρεόν.
323 636 486 682 πάντων
517 639 562 682 δὲ
597 636 746 693 ὁμοίως
779 637 1002 682 ποιούντων
1023 639 1252 693 βαλλομένη
1275 656 1318 682 τε
1340 642 1397 697 τῷ
1419 644 1560 698 χρυσῷ

90 710 160 751 καὶ
191 711 505 764 καταχωσθεῖσα
536 715 622 759 τοῖς
655 712 821 765 θυρεοῖς
854 706 934 751 »ὕπὸ
965 707 1152 763 πλήθους
1183 709 1250 750 καὶ
1281 706 1437 766 βάρους
1460 709 1559 751 ἀπέ-

89 782 232 820 θανεν.

35 850 84 887 10
217 844 351 902 Ἔργῳ
385 837 456 886 οὖν
479 837 597 893 οὗτος
619 843 801 899 ἐποίησεν
823 843 847 887 ὃ
869 843 1002 901 λόγοις
1021 844 1191 902 ὕστερον
1215 843 1324 888 εἷπον
1347 844 1366 888 ὃ
1392 847 1558 903 Καῖσαρ

21 911 29 962 J
89 915 156 957 καὶ
180 911 201 956 ὅ
221 913 465 968 Ἀντίγονος·
501 910 523 954 ὅ
545 912 619 967 μὲν
640 913 718 968 γὰρ
741 916 964 970 προδοσίαν
986 913 1063 971 ἔφη
1090 918 1241 971 φιλεῖν,
1277 913 1481 971 προδότην
1513 917 1558 958 δὲ

87 989 238 1038 μισεῖν·
263 979 285 1025 ὅ
309 981 354 1024 δὲ
369 981 591 1036 Ἀντίγονος
602 980 870 1037 προδιδόντας
884 983 958 1036 μὲν
975 982 1183 1033 ἀσπασίως
1199 981 1280 1026 εἷπε
1298 985 1556 1041 προσίεσθαι,

12 1063 14 1065 “
87 1048 364 1110 προδεδωκόσι
387 1050 432 1092 δὲ
455 1047 777 1103 ἀπεχθάνεσθαι.

0 1098 13 1163 ,i
223 1119 266 1163 4.
332 1118 586 1175 Ληφθείσης
622 1118 666 1160 δὲ
696 1123 769 1173 τῆς
801 1116 930 1174 ἄκρας
958 1115 1037 1159 ὕπὸ
1074 1121 1155 1161 τῶν
1184 1119 1398 1173 Σαβίνων,
1444 1118 1556 1176 μάχη

0 1181 9 1226 ’ἶ
36 1194 80 1231 15
91 1187 268 1246 καρτεροὶ
298 1183 521 1243 συνερράγη
543 1185 668 1239 μέσον
691 1186 825 1230 αὐτῶν
848 1188 916 1228 καὶ
934 1183 1171 1240 (Ρωμαίων,
1207 1189 1248 1230 ἐν
1270 1182 1299 1245 ᾗ
1320 1190 1460 1231 πολλοὶ
1483 1190 1557 1243 μὲν
1580 1194 1610 1228 B

0 1243 9 1279 l
90 1257 254 1310 ἔπεσον,
289 1253 311 1297 ὃ
344 1255 388 1298 δὲ
412 1251 627 1309 ςΡωμιόλος
657 1254 806 1312 ἐπλήγη
836 1256 941 1312 λίθῳ
973 1255 1047 1310 τὴν
1069 1254 1261 1314 κεφαλήν.
1329 1256 1386 1300 ἔτι
1409 1258 1452 1300 δὲ
1473 1256 1558 1313 μά-

82 1323 690 1382 χεσθαιπαρασκευαζομένους
711 1324 806 1376 τοὺς
822 1324 1025 1378 Σαβίνους
1048 1325 1213 1380 ἐπέσχον
1236 1327 1279 1369 αἶ
1302 1324 1557 1383 ἡρπασμέναι

87 1394 311 1452 θυγατέρες
323 1391 470 1445 αὐτῶν,
494 1391 670 1435 ἄλλοθεν
693 1393 814 1436 ἄλλαι
835 1393 938 1447 μετὰ
961 1398 1062 1449 βοῆς
1082 1397 1148 1436 καὶ
1168 1394 1396 1451 ὀλολυγμοῦ
1408 1396 1557 1454 ὀφθεῖ-

90 1480 159 1506 σαι
192 1463 350 1514 αὕτοῖς,
389 1461 434 1504 αἱ
453 1461 527 1517 μὲν
549 1460 672 1518 νήπια
694 1463 797 1520 πρὸς
818 1468 906 1513 ταῖς
930 1462 1125 1518 ἀγκάλαις
1148 1466 1410 1519 κομίζουσαι,
1446 1465 1489 1507 αἱ
1512 1466 1557 1508 δὲ

0 1544 14 1597 ᾖ
32 1532 162 1588 ἳθτὴν
184 1531 312 1588 κόμην
335 1529 620 1590 προϊσχόμεναι
643 1531 871 1588 λελυμένην,
909 1536 1037 1575 πᾶσαι
1061 1533 1104 1575 δὲ
1129 1532 1452 1588 ἀνακαλούμεναι
1474 1540 1559 1585 τοῖς

89 1601 296 1660 φιλτάτοις
317 1597 489 1655 ὀνόμασι
510 1600 607 1644 ποτὲ
627 1601 701 1655 μὲν
716 1601 812 1652 τοὺς
824 1602 1026 1655 Σαβίνους
1041 1602 1135 1645 ποτὲ
1153 1603 1197 1645 δὲ
1211 1601 1557 1658 τοὺς“Ρωμαίους.

87 1669 396 1726 ἐπεκλάσθησαν
419 1663 490 1713 οὖν
513 1669 552 1712 οἳ
572 1670 740 1713 ἐναντίοι
763 1673 829 1714 καὶ
853 1670 1065 1726 διέστησαν
1085 1671 1226 1722 αὐταῖς
1238 1673 1279 1715 ἐν
1291 1672 1402 1731 μέσῳ
1416 1677 1558 1728 στῆναι

87 1745 159 1792 τ’ῗς
189 1737 474 1798 παρατάξεως,
518 1740 586 1782 καὶ
615 1740 829 1795 κλαυθμὸς
862 1738 948 1795 ἅμα
971 1741 1039 1783 διὰ
1063 1740 1223 1784 πάντων
1246 1739 1396 1799 ἐχώρει.
1466 1745 1559 1784 δια-

0 1674 13 1711 f

179 1859 199 1894 1
225 1856 548 1938 flouztwmssolw
569 1858 612 1894 A.
747 1859 770 1893 2
793 1858 923 1906 λαβεῖν
946 1855 1082 1900 αὐτοὺς
1103 1861 1147 1896 Α.
1287 1862 1332 1897 12
1353 1858 1554 1903 προδιδόν-

178 1915 245 1943 τας
266 1903 342 1947 Ac,
364 1915 436 1947 προ
463 1901 611 1946 ιδόντος
631 1905 723 1942 Pw.
863 1905 908 1942 17
930 1903 1162 1951 ἡρπαγμέναι
1184 1908 1275 1942 BW.
1393 1908 1436 1943 18
1460 1904 1550 1941 ἄλα-

177 1949 316 1994 luypo&
337 1949 555 1985 Plutarchus.

176 2042 350 2089 Fon-uss.
398 2039 487 2086 Gap.
513 2040 547 2076 4.
598 2041 787 2076 Plutarchi
814 2042 1000 2084 Romulus,
1025 2054 1054 2077 c.
1082 2042 1248 2078 18—29.

85 2143 153 2179 sibi
184 2143 272 2179 sivit
302 2146 343 2178 ut
372 2151 487 2178 arcem
521 2143 706 2189 proderet:
739 2143 981 2189 Sabinosque,
1007 2155 1127 2179 aureas
1159 2146 1309 2181 armillas
1339 2157 1426 2192 quas
1449 2146 1551 2182 laevo

85 2189 227 2224 brachio
252 2189 429 2224 habebant
449 2194 562 2236 pacta,
587 2196 694 2225 noctu
719 2201 784 2224 una
804 2195 906 2235 porta
925 2191 1068 2236 accipit.
1114 2191 1242 2226 Tatius
1268 2192 1446 2238 ingressus
1472 2205 1554 2228 suos

87 2235 254 2282 quicquid
274 2235 376 2271 laeva
389 2241 572 2281 gestarent
587 2236 765 2283 Tarpeiae
783 2237 867 2270 dare
884 2237 997 2280 iussit,
1023 2242 1059 2272 et
1077 2237 1151 2283 ipse
1172 2238 1301 2284 primus
1327 2239 1493 2274 armillam
1518 2246 1555 2274 et

85 2287 220 2317 scutum
250 2282 287 2316 in
323 2294 398 2317 eam
429 2282 592 2317 coniecit.
641 2283 734 2329 quod
767 2295 842 2317 cum
874 2295 989 2317 omnes
1013 2285 1182 2330 facerent,
1207 2285 1285 2319 auri
1309 2290 1553 2331 scutorumque

85 2327 302 2363 multitudine
326 2340 495 2383 oppressa
517 2329 686 2374 exspirat.

222 2374 292 2408 Hic
306 2374 416 2420 igitur
430 2387 469 2409 re
478 2375 558 2420 ipsa
575 2375 780 2419 declaravit,
806 2375 897 2420 quod
910 2375 1041 2410 Caesar
1054 2381 1090 2410 et
1099 2376 1296 2422 Antigonus
1305 2382 1387 2423 post
1398 2389 1554 2412 sermone

86 2425 317 2466 usurparunt:
339 2433 415 2456 nam
439 2422 529 2456 alter
553 2433 591 2455 se
613 2422 845 2468 proditionem
869 2433 995 2466 amare,
1020 2423 1216 2470 proditores
1234 2423 1360 2468 odisse,
1386 2425 1477 2459 alter
1493 2435 1553 2458 eos

86 2467 147 2512 qui
169 2466 320 2512 prodant
345 2467 496 2514 benigne
520 2468 717 2512 admittere,
742 2469 802 2514 qui
825 2468 1039 2512 prodiderint
1059 2475 1097 2503 'se
1122 2471 1282 2505 aversari
1309 2470 1412 2504 dixit.

220 2513 256 2548 4.
302 2513 392 2548 Arce
415 2525 437 2548 a
458 2514 601 2548 Sabinis
625 2519 731 2560 capta
753 2526 871 2561 pugna
893 2514 1075 2551 vehemens
1098 2516 1192 2550 inter
1225 2528 1284 2551 eos
1317 2522 1354 2551 et
1377 2516 1554 2551 Romanos

85 2558 229 2602 exarsit,
251 2559 287 2593 in
311 2571 380 2605 qua
403 2560 502 2594 multi
526 2560 742 2605 ceciderunt,
767 2560 932 2595 Romulus
955 2561 1071 2608 lapide
1096 2566 1201 2608 caput
1223 2563 1314 2597 ictus
1332 2566 1400 2598 est.
1448 2563 1552 2597 Sabi-

86 2616 150 2639 nos
182 2617 268 2640 vero
301 2607 344 2640 ad
378 2607 569 2652 urgendum
598 2608 764 2652 praelium
796 2613 938 2653 paratos
955 2613 1079 2653 raptae
1101 2609 1254 2654 ipsorum
1276 2609 1368 2643 filiae
1391 2609 1550 2644 inhibue-

85 2655 180 2696 runt,
197 2652 289 2686 aliae
304 2652 441 2687 aliunde
449 2664 523 2688 cum
537 2654 685 2688 clamore
696 2658 731 2688 et
742 2654 873 2688 ululatu
883 2665 1098 2700 progressae,
1113 2655 1237 2701 partim
1248 2655 1402 2689 infantes
1412 2654 1447 2689 in
1461 2656 1550 2690 ulnis

83 2702 275 2742 gestantes,
299 2699 424 2742 partim
439 2710 577 2745 passum
597 2700 758 2746 capillum
777 2700 1068 2748 praetendentes,
1094 2714 1211 2736 omnes
1231 2713 1315 2736 vero
1335 2702 1551 2737 suavissimis

85 2743 277 2779 nominibus
289 2756 379 2779 nunc
388 2745 536 2780 Sabinos
548 2746 823 2781 nunc·Romanos
840 2747 1074 2782 inclamantes.
1108 2749 1220 2783 movit
1234 2760 1277 2782 ea
1292 2759 1349 2782 res
1362 2748 1490 2794 hostes,
1509 2753 1548 2782 ut

83 2788 254 2835 dirempta
270 2792 346 2826 acie
365 2792 523 2828 mulieres
537 2793 573 2828 in
590 2793 700 2830 medio
717 2798 811 2829 stare
827 2798 1041 2840 paterentur,
1059 2795 1195 2830 nemine
1212 2806 1280 2830 non
1294 2795 1463 2841 plorante.
1505 2806 1545 2828 ac
