1794 3120
223 126 288 174 56
697 131 922 175 IOANNIS
946 131 1204 175 ZONARAE

220 246 291 285 τοῦ
315 241 547 296 συνέχοντος
569 243 691 288 αὐτὸν
715 243 985 300 ἀπηλλάττετο
1010 247 1077 288 καὶ
1098 245 1126 300 ἢ
1149 247 1189 295 ἐς
1211 244 1256 287 τὸ
1276 247 1433 298 πλῆθος
1447 242 1523 286 ’ὑπ’
1549 243 1682 288 αὐτῶν

222 309 395 365 εἰσήγετο
429 309 455 366 ἢ
488 314 554 354 καὶ
589 310 790 356 ἀπελύετο.
858 314 962 356 ἀλλὰ
996 316 1060 356 καὶ
1094 313 1135 356 εἴ
1149 314 1191 356 τί
1209 329 1286 354 που
1311 311 1442 363 ἔδοξεν
1468 313 1604 363 aava&
1625 313 1683 367 μὴ

218 378 432 434 γενέσθαι,
467 378 667 433 ἐκώλυον,
704 381 778 424 κᾶν
811 381 972 437 ῗὸιώτης
993 377 1042 437 ἦν
1067 380 1087 424 ὅ
1114 386 1238 424 ποιῶν
1273 379 1348 422 κᾶν
1372 379 1529 436 ἅρχων·
1563 379 1639 423 κᾶν
1661 378 1684 422 ὃ

223 448 352 502 δῆμος
382 446 456 489 κᾶν
487 447 512 503 ἡ
549 450 678 505 βουλὴ
711 447 897 506 πράττειν
929 451 1067 504 Ξ-ζιιελλέ
1088 468 1124 492 τι
1148 449 1222 492 κᾶν
1245 450 1528 505 ψηφίζεσθαι,
1561 446 1617 499 εἷς
1641 448 1688 491 δέ

166 525 196 561 Β
222 532 281 565 τις
314 515 531 569 ἠναντίωτο
569 516 797 573 δήμαρχος,
835 518 1040 572 ἄπρακτος
1070 520 1136 560 καὶ
1169 517 1195 573 ἡ
1228 520 1373 573 πρᾶξις
1397 517 1468 559 ’καὶ
1492 515 1717 574 ἧὲψῆφοςῦ
1775 535 1779 553 ⁴r

219 584 377 640 ἐγίνετο.
423 589 495 626 τοῦ
513 585 662 643 χρόνου
687 588 732 629 δὲ
755 585 962 643 προϊόντος
984 589 1051 629 καὶ
1073 587 1144 641 τὴν
1166 587 1375 642 γερουσίαν
1398 584 1602 641 ἀθροίζειν
1618 585 1686 627 καὶ

223 654 387 706 ζημιοῦν
419 653 487 695 τὸν
518 655 575 708 μὴ
610 659 909 711 πειθαρχοῦντα
941 656 1007 696 καὶ
1029 656 1196 713 μαντείᾳ
1215 657 1400 710 χρῆσθαι
1423 654 1489 696 καὶ
1513 651 1686 705 δικάζειν

224 719 501 777 ἐπετράπησαν
533 722 559 776 ἢ
584 721 739 773 ἑαυτοῖς
763 723 998 779 ἐπέτρεψαν.
1068 724 1134 764 καὶ
1158 722 1181 765 ὃ
1203 722 1281 778 γὰρ
1305 727 1430 764 ποιεῖν
1453 720 1590 771 αὐτοῖς
1612 720 1686 763 οὒκ

223 789 313 843 ἐξῆν
324 821 337 840 ,
373 788 614 846 κατώρθουν
637 793 680 832 ἐκ
702 795 774 845 τῆς
797 791 1139 847 ἀνανταγωνίστου
1163 790 1264 847 πρὸς
1288 794 1368 832 πᾶν
1390 788 1437 832 τὸ
1458 786 1686 846 πραττόμε-

222 873 290 898 νον
323 854 398 912 ὑφ’
426 855 569 910 ἑτέρων
600 858 875 909 ἐναντιώσεως.
944 861 1009 901 καὶ
1032 858 1109 916 γὰρ
1133 861 1200 901 καὶ
1224 856 1372 912 νόμους
1394 857 1604 914 εῗσήγαγον
1621 857 1680 899 ‘lv’
1697 865 1741 900 10

223 923 334 974 ὅστις
362 924 498 974 αὐτοῖς
520 925 622 983 ἔργῳ
644 926 671 980 ἢ
696 925 800 982 λόγῳ
823 925 1103 982 προσκρούσῃ,
1147 926 1220 968 κᾶν
1243 924 1404 980 ἰδιώτης
1427 926 1486 980 εἴη
1508 924 1584 968 κᾶν
1607 925 1686 983 ἄρ·
1776 928 1785 934 ”

222 1004 319 1044 χων,
351 990 455 1047 ἱερός
477 1010 518 1034 τε
544 988 569 1048 ᾖ
593 995 660 1034 καὶ
683 998 740 1050 τῷ
763 991 847 1047 ἄγει
870 992 1062 1047 ἔνέχηται.
1096 993 1142 1034 τὸ
1168 994 1211 1034 δὲ
1234 993 1339 1048 ἱερὸν
1362 992 1459 1036 εἶναι
1481 993 1687 1036 ἀπολωλέ-

174 1070 204 1105 c
229 1076 294 1100 ναι
326 1053 400 1112 ἦν·
448 1058 552 1102 οὕτω
584 1061 661 1116 γὰρ
693 1065 772 1103 πᾶν
805 1059 901 1116 ὅπερ
925 1059 974 1102 ἂν
997 1059 1130 1116 ὥσπερ
1153 1077 1190 1102 τι
1213 1064 1332 1114 θῦμα
1356 1063 1411 1111 εἰς
1431 1061 1592 1118 σφαγὴν
1612 1077 1687 1104 κα-

188 1123 209 1136 *
225 1125 411 1183 θιερώθη
422 1159 434 1178 ,
469 1126 692 1182 ὠνόμαστο.
761 1130 826 1171 καὶ
853 1129 999 1178 αὐτοὺς
1023 1130 1067 1170 δὲ
1089 1128 1183 1178 τοὺς
1205 1127 1439 1184 δημάρχους
1459 1128 1505 1171 τὸ
1528 1131 1687 1184 πλῆθος

227 1194 550 1251 σακροσάγκτους
573 1195 799 1250 ὠνόμασαν,
836 1194 920 1238 οἷον
942 1198 1049 1251 τείχη
1074 1196 1169 1252 ἅγια
1195 1199 1248 1246 εἰς
1269 1197 1454 1254 φρουρὰν
1475 1201 1556 1240 τῶν
1577 1201 1686 1254 σφᾶς
1698 1204 1739 1239 15
1775 1196 1781 1216 ”

229 1264 546 1318 ἐπικαλουμένων
562 1264 841 1319 τυγχάνοντας.
896 1263 1027 1321 σάκρα
1047 1265 1124 1320 γὰρ
1143 1265 1253 1319 παρὰ
1266 1263 1477 1319 Ῥωμαίοις
1494 1264 1544 1307 τὰ
1561 1266 1684 1320 τείχη,
1783 1258 1786 1262 A

227 1332 294 1372 καὶ
327 1329 478 1386 σάγκτα
511 1332 562 1374 τὰ
592 1332 698 1388 ἅγια.
767 1333 892 1388 ἔδρων
924 1327 995 1374 οὖν
1027 1333 1155 1375 πολλὰ
1190 1332 1341 1375 ἄτοπα·
1412 1334 1478 1375 καὶ
1507 1334 1586 1390 γὰρ
1619 1335 1686 1375 καὶ

226 1397 403 1449 ὑπάτους
437 1399 606 1454 ἔβαλλον
636 1404 691 1451 εἷς
712 1400 757 1443 τὸ
787 1400 1083 1458 δεσμωτήριον,
1119 1402 1184 1442 καὶ
1204 1399 1427 1443 ἕθανάτουν
1451 1401 1562 1451 τινὰς
1583 1402 1686 1455 μηδὲ

227 1465 346 1521 λόγου
369 1466 649 1523 τυγχάνοντας.
694 1471 759 1510 καὶ
783 1469 911 1519 οὐδεὶς
935 1470 1070 1518 αὐτοῖς
1092 1471 1381 1522 ἐναντιωθῆναι
1395 1466 1569 1522 ἐτόλμα·
1595 1471 1630 1512 εἶ
1642 1470 1686 1511 δὲ

227 1533 310 1589 μή,
333 1537 398 1577 καὶ
423 1536 542 1586 αὐτὸς
564 1537 668 1593 ἱερὸς
690 1538 848 1592 ἐγίνετο.
884 1541 917 1579 εἴ
937 1538 1071 1591 μέντοι
1094 1538 1195 1587 τινὲς
1216 1537 1274 1592 μὴ
1297 1536 1409 1594 παρὰ
1431 1535 1592 1580 πάντων
1604 1542 1684 1580 τῶν
1694 1545 1741 1580 20

230 1601 447 1660 δημάρχων
477 1604 789 1656 κατεδικάζοντο,
824 1605 917 1655 τοὺς
940 1606 998 1660 μὴ
1022 1603 1402 1661 ὁμογνωμονοῦντας
1425 1606 1684 1649 ἐπεκαλοῦντο

171 1682 203 1716 D
230 1672 284 1721 εἷς
302 1672 474 1728 ἀρωγήν,
499 1675 564 1715 καὶ
583 1673 709 1723 οὕτως
731 1676 784 1728 εἷς
807 1675 918 1728 δίκην
936 1672 1327 1731 καθι’σταντοῆπαρ’
1342 1674 1477 1724 αὐτοῖς
1486 1674 1683 1729 ἕκείνοιςῆ

319 1778 342 1814 9
363 1779 440 1813 πᾶν
463 1791 518 1813 om
538 1780 582 1815 A.
697 1781 740 1814 12
766 1777 808 1814 δὲ
829 1781 870 1822 Α,
892 1776 962 1825 γὰρ
985 1781 1075 1814 PW.
1196 1779 1239 1814 13
1262 1784 1346 1825 post
1366 1776 1436 1824 γὰρ
1460 1782 1492 1815 Α
1518 1781 1583 1815 add
1609 1780 1686 1816 καὶ.

320 1827 366 1879 153
395 1822 686 1905 σακὲοσάγκτους
716 1826 879 1869 ABCW,
912 1822 1197 1870 Σακροσάγτους
1225 1827 1264 1860 Ρ.
1450 1825 1494 1861 17
1523 1825 1685 1871 σάγκτα]

321 1880 437 1904 canta
494 1896 503 1906 .

230 1961 398 2004 exceptis.
445 1961 538 2006 quod
568 1962 598 1995 si
628 1962 704 2006 quis
733 1973 791 1995 eos
816 1962 873 1996 vel
897 1963 1058 1996 absentes
1083 1962 1312 2008 appellasset,
1345 1963 1378 1996 is
1398 1965 1537 2017 quoque
1561 1963 1603 1997 ab
1629 1974 1685 2008 eo,

229 2017 250 2039 a
274 2012 342 2050 quo
366 2009 628 2052 comprehensus
649 2009 788 2051 fuerat,
820 2008 987 2042 liberatus
1002 2034 1011 2051 ,
1038 2008 1095 2042 vel
1118 2008 1152 2042 in
1177 2009 1368 2042 contionem
1392 2009 1434 2042 ab
1459 2019 1510 2042 eis
1534 2009 1685 2043 adduce-

227 2052 331 2085 batur
363 2054 421 2086 vel
455 2053 555 2087 etiam
586 2054 843 2088 absolvebatur.
888 2054 933 2087 ad
965 2054 1052 2087 haec
1082 2054 1110 2087 si
1145 2054 1237 2098 quo'd
1271 2053 1322 2086 eis
1352 2053 1526 2087 decretum
1558 2054 1635 2088 sive
1664 2066 1685 2088 a

226 2097 362 2141 privato
387 2098 462 2132 sive
485 2111 505 2132 a
529 2099 734 2142 magistratu
750 2100 825 2134 sive
841 2110 862 2132 a
878 2101 1004 2145 populo
1020 2100 1146 2133 factum
1162 2099 1380 2144 displicebat,
1405 2099 1685 2135 intercedebant.

228 2143 321 2186 quod
349 2143 377 2176 si
404 2150 545 2177 senatus
570 2145 700 2188 aliquid
726 2145 783 2179 vel
807 2156 911 2189 agere
934 2145 990 2179 vel
1013 2145 1199 2179 decernere
1222 2143 1442 2188 instituisset,
1468 2150 1575 2190 atque
1597 2157 1685 2180 unus

226 2187 382 2222 tribunus
415 2190 528 2234 plebis
557 2190 833 2233 intercessisset,
867 2191 1000 2224 irritum
1026 2197 1101 2225 erat
1122 2190 1159 2224 id
1183 2191 1382 2234 decretum,
1407 2191 1540 2224 actione
1563 2202 1686 2236 super-

227 2233 427 2267 sedebatur.
472 2247 658 2281 progressu
692 2237 854 2281 temporis
886 2237 946 2271 illa
977 2236 1101 2280 etiam,
1136 2241 1175 2269 ut
1198 2240 1236 2270 et
1258 2241 1411 2270 senatum
1436 2242 1684 2282 convocarent,

227 2278 318 2312 dicto
343 2291 413 2313 non
437 2281 612 2314 audientes
634 2282 818 2326 punirent,
844 2287 880 2316 et
902 2282 1078 2328 aruspices
1103 2281 1333 2324 consulerent,
1360 2286 1421 2316 aut
1443 2294 1607 2317 concessa
1630 2283 1684 2317 eis

227 2328 307 2358 sunt
330 2330 389 2359 aut
411 2327 454 2360 ab
477 2326 564 2370 ipsis
588 2333 766 2372 usurpata.
812 2339 889 2362 nam
912 2328 1028 2371 multa,
1051 2339 1140 2373 quae
1164 2328 1215 2361 eis
1239 2339 1306 2361 non
1328 2327 1491 2371 licebant,
1516 2329 1683 2363 adversa-

227 2370 382 2405 tionibus
405 2371 472 2405 illis
492 2371 636 2406 invictis
666 2379 786 2407 contra
811 2374 922 2407 omnia
946 2385 1035 2419 quae
1059 2381 1249 2418 agerentur
1275 2373 1510 2409 obtinuerunt.
1557 2374 1684 2408 etenim

227 2415 321 2460 leges
356 2418 526 2461 rogabant
547 2418 671 2462 quibus
694 2419 743 2461 is,
776 2419 853 2454 sive
885 2419 1044 2465 privatus
1073 2419 1149 2453 sive
1174 2419 1416 2464 magistratus,
1449 2431 1469 2453 a
1495 2430 1562 2465 quo
1590 2420 1683 2454 dicto

227 2462 366 2496 factove
390 2463 512 2498 offensi
535 2467 671 2508 essent,
705 2477 803 2498 sacer
827 2470 919 2499 esset
942 2478 984 2499 ac
1005 2465 1140 2510 piaculo
1165 2465 1363 2499 obstrictus.
1411 2477 1545 2500 sacrum
1569 2470 1683 2500 autem

227 2517 302 2540 esse
331 2507 422 2542 idem
453 2512 529 2543 erat
559 2510 651 2555 quod
683 2511 838 2555 perisse:
881 2511 931 2545 sic
962 2512 1050 2545 enim
1073 2510 1187 2544 omnia
1209 2521 1299 2555 quae
1320 2511 1432 2546 instar
1453 2511 1615 2546 victimae
1638 2511 1684 2545 ad

226 2553 365 2587 caedem
398 2554 574 2589 destinata
605 2560 686 2589 sunt
716 2556 942 2601 appellantur.
987 2557 1082 2602 ipsos
1114 2556 1219 2590 etiam
1249 2557 1408 2591 tribunos
1435 2557 1543 2602 plebis
1566 2568 1683 2591 sacro-

228 2604 368 2633 sanctos
392 2600 482 2634 dixit
503 2601 621 2646 plebS,
645 2607 809 2646 tanquam
834 2614 933 2636 sacra
955 2603 1087 2637 moenia
1110 2613 1228 2636 eorum
1252 2614 1272 2635 a
1296 2604 1421 2647 quibus
1443 2603 1684 2648 implorentur.

226 2644 372 2688 proinde
395 2646 500 2680 multa
524 2652 604 2681 sunt
626 2648 671 2681 ab
697 2648 747 2681 eis
771 2648 919 2683 absurde
942 2649 1053 2683 facta:
1077 2653 1116 2682 ut
1139 2648 1298 2682 consules
1320 2648 1357 2682 in
1381 2660 1551 2682 carcerem
1574 2649 1684 2692 ducti,

227 2693 267 2723 ut
299 2691 435 2734 quidam
469 2693 602 2727 indicta
634 2704 736 2727 causa
763 2695 881 2728 occisi.
930 2705 1042 2740 neque
1065 2694 1115 2727 eis
1139 2694 1320 2728 adversari
1346 2695 1491 2739 quisque
1514 2694 1683 2728 audebat:

227 2735 357 2780 alioqui
381 2740 417 2771 et
439 2737 512 2782 ipse
536 2750 636 2773 sacer
659 2743 745 2773 erat.
792 2740 822 2773 si
846 2740 905 2785 qui
927 2746 1040 2775 tamen
1062 2751 1131 2773 non
1152 2740 1195 2774 ab
1213 2740 1370 2774 omnibus
1383 2740 1532 2775 tribunis
1548 2740 1684 2774 damna-

227 2785 358 2824 rentur,
383 2794 481 2828 opem
506 2785 780 2819 dissentientium
803 2786 1050 2832 implorabant:
1074 2786 1194 2830 itaque
1218 2797 1355 2821 causam
1371 2785 1490 2821 dicere
1501 2787 1579 2820 sive
1593 2784 1683 2830 apud
