1794 3120
234 128 298 176 58
705 133 930 178 IOANNIS
965 134 1223 178 ZONARAE
1613 155 1618 174 l

376 243 493 287 Οὕτω
524 246 597 300 μὲν
637 241 708 290 οἷν
738 246 764 302 ἦ
796 252 874 291 τῶν
907 247 1125 306 δημάρχων
1149 250 1360 292 δυναστεία
1382 250 1564 306 συνέστη.
1629 248 1694 301 οἷς

235 315 301 355 καὶ
337 312 614 370 ἀγορανόμους
647 314 719 358 δύο
743 319 996 372 προσείλοντο
1011 350 1023 368 ,
1061 315 1143 359 οἷον
1165 317 1367 373 ὑπηρέτας
1389 319 1526 376 σφίσιν
1551 319 1693 373 ἐσομέ-

235 397 326 431 νους
347 382 450 438 πρὸς
470 382 702 438 γράμματα.
770 383 899 427 πάντα
922 385 999 441 γὰρ
1032 384 1082 428 τά
1105 403 1144 428 τε
1169 385 1279 442 παρὰ
1301 390 1357 443 τῷ
1381 386 1530 442 πλήθει
1552 388 1618 430 καὶ
1642 386 1692 429 τὰ

233 449 345 506 παρὰ
368 454 426 507 τῷ
449 449 564 508 δήμῳ
587 454 654 494 καὶ
677 457 725 509 τῇ
746 457 876 510 βουλῇ
899 453 1136 511 γραφόμενα
1160 453 1452 508 λαμβάνοντες,
1487 453 1589 511 ὥστε
1611 472 1694 509 μη-

234 518 300 559 δὲν
332 524 441 574 σφᾶς
471 524 551 561 τῶν
573 522 854 576 πραττομένων
878 522 1115 574 λανθάνειν,
1151 522 1392 579 ἐφύλασσον.
1457 522 1502 565 τὸ
1525 523 1598 576 μὲν
1622 517 1725 567 οὖνὸ
1783 531 1790 543 ”

183 595 213 630 C
238 586 405 641 ἀρχαῖον
435 588 496 628 ἐπὶ
533 587 659 646 τούτῳ
691 588 860 646 ᾑροῦντο
891 592 957 632 καὶ
981 592 1043 632 ἐπὶ
1066 595 1123 647 τῷ
1145 589 1337 643 δικάζειν,
1371 589 1539 647 ὕστερον
1562 592 1605 634 δὲ
1627 593 1695 633 καὶ

231 652 327 695 ἄλλ’
365 654 466 697 ἄττα
499 658 564 697 καὶ
600 657 672 711 τὴν
707 662 786 700 τῶν
818 659 943 700 ὠνίων
975 658 1126 715 ἀγορὰν
1149 658 1450 717 ἐπετράπησαν,
1496 657 1595 703 ὅθεν
1626 661 1694 702 καὶ

234 721 477 779 ἀγορανόμοι
501 732 584 774 τοῖς
606 723 874 779 ἑλληνίζουσιν
898 725 1212 782 ὠνομάσθησαν.

368 791 435 833 16.
499 790 561 833 ‘H
585 794 657 846 μὲν
682 788 751 836 οὖν
775 793 915 844 στάσις
937 793 962 849 ἡ
987 794 1124 851 πρώτη
1150 794 1255 838 οὕτω
1279 801 1362 845 τοῖς
1383 792 1692 848 Ῥωμαίοιςκα-

232 859 444 901 τέπαυσεν·
480 861 522 902 ἐκ
547 862 589 902 δὲ
611 865 690 903 τῶν
713 865 919 917 περιοίκων
944 865 1058 920 σφίσι
1085 864 1152 906 διὰ
1175 865 1246 919 τὴν
1264 862 1404 907 στάσιν
1419 866 1578 906 πολλῶν
1595 862 1688 905 κατ’
1704 870 1747 905 10

1790 751 1794 763 2

1791 770 1794 792 l

233 927 364 968 αὐτῶν
397 929 659 981 κινηθέντων,
687 930 789 981 μετὰ
821 931 894 983 τὴν
925 930 1127 983 σύμβασιν
1150 930 1440 986 ὅμονοήσαντες
1461 930 1694 988 ἐρρωμένως

231 994 324 1043 τοὺς
358 995 400 1044 ἐξ
435 997 589 1037 ἐκείνων
620 997 818 1049 πολέμους
852 995 1056 1052 διήνεγκαν
1087 1001 1153 1039 καὶ
1185 997 1336 1049 πάντας
1365 1001 1561 1054 ἐνίκησαν.
1628 998 1692 1041 ὅτε

235 1063 300 1104 καὶ
325 1061 551 1118 Κοριόλους
573 1067 875 1118 πολιορκοῦντες
892 1066 1066 1107 ἐκπεσεῖν
1083 1068 1149 1108 καὶ
1167 1071 1238 1108 τοῦ
1257 1067 1528 1123 στρατοπέδου
1546 1071 1692 1123 μικροῦ

231 1128 503 1182 ἐκινδύνευον,
540 1134 573 1173 εἲ
604 1131 661 1186 μὴ
686 1134 831 1182 Γναῖος
854 1132 1048 1190 ΖΙἸάρκιος
1079 1135 1317 1190 εὐπατρίδης
1351 1134 1451 1190 ἀνὴρ
1484 1135 1692 1192 ἠρίστευσε
1788 1184 1791 1189 v

231 1201 297 1239 καὶ
321 1199 414 1250 τοὺς
436 1198 615 1250 ἐπιόντας
638 1199 828 1243 ἀπώσατο
843 1215 854 1225 ·
879 1200 922 1252 ὃς
946 1202 1013 1243 διὰ
1036 1206 1152 1245 τοῦτο
1177 1202 1308 1253 ἄλλως
1331 1214 1372 1245 τε
1394 1201 1600 1258 ἐδοξάσθη
1622 1205 1690 1245 καὶ
1702 1213 1745 1248 15
1778 1197 1794 1243 ²⁸2⁴

178 1273 209 1306 D
234 1266 484 1321 Κοριολάνος
517 1269 559 1309 ἐκ
594 1273 664 1310 τοῦ
698 1268 843 1319 ἔθνους
869 1269 891 1311 ὃ
915 1271 1111 1325 ἐτρέψατο
1136 1269 1351 1326 ἐπεκλήθη.
1420 1273 1486 1312 καὶ
1508 1269 1598 1314 τότε
1618 1272 1692 1325 μὲν
1787 1269 1792 1277 ’

231 1334 357 1384 οὕτως
386 1336 522 1392 ἤρθη,
554 1337 599 1378 οὐ
632 1341 767 1394 πολλῷ
790 1338 830 1379 δ’
856 1337 1022 1394 ὕστερον
1046 1344 1318 1395 στρατηγῆσαι
1341 1338 1524 1382 σπεύδων
1545 1341 1613 1381 καὶ
1633 1339 1692 1394 μὴ

232 1402 374 1457 τυχών,
403 1403 649 1459 ἠγανάκτησε
673 1406 775 1448 κατὰ
799 1411 871 1448 τοῦ
894 1405 1047 1460 ὁμίλου,
1079 1409 1145 1448 καὶ
1167 1407 1261 1457 τοὺς
1285 1405 1517 1464 δημάρχους
1539 1407 1690 1465 ἐβαρύ-

231 1489 333 1514 νετο.
403 1473 440 1514 οἳ
476 1468 545 1515 οὖν
580 1471 802 1530 δήμαρχοι,
838 1475 907 1524 οὓς
940 1479 1162 1518 καταλῦσαι
1196 1476 1394 1531 ἐγλίχετο,
1429 1477 1559 1526 αι’τίας
1581 1475 1692 1527 τινὰς

232 1541 324 1582 κατ’
364 1541 489 1583 αὐτοῦ
521 1541 854 1600 συμφορήσαντες
887 1545 1119 1600 τυραννίδος
1140 1544 1248 1602 αὐτῷ
1271 1547 1489 1602 προσῆψαν
1507 1545 1745 1598 αῗτίαμα,20
1785 1563 1794 1580 2

322 1671 344 1705 3
367 1668 413 1704 τοὶ
436 1668 539 1714 παρὰ
564 1683 617 1706 om
640 1671 681 1706 A.
850 1673 872 1706 4
894 1670 1108 1717 γραφόμενα
1131 1686 1185 1708 om
1208 1674 1250 1709 C.
1413 1675 1455 1710 ll
1480 1668 1690 1718 ἐρρωμένως

321 1717 397 1758 AC,
421 1712 649 1761 ἐρρωμένους
670 1718 757 1755 PW.
865 1720 910 1755 13
931 1715 1059 1763 μικρὸν
1082 1719 1125 1755 A.
1230 1721 1274 1756 16
1294 1715 1338 1764 ὃ]
1364 1713 1409 1753 οὗ
1432 1721 1474 1755 Α.
1578 1719 1620 1755 17
1644 1716 1689 1753 οὗ

320 1762 444 1808 πολλῷ
458 1782 503 1788 -
518 1775 552 1808 p.
581 1765 626 1798 59
650 1776 685 1799 v.
712 1765 732 1798 1
755 1758 936 1808 ἐξήλασαν
951 1765 1075 1799 Dionis
1092 1771 1293 1812 excerptum
1310 1767 1516 1800 Vaticanum
1539 1765 1598 1801 15.

367 1853 535 1889 Formas,
590 1855 677 1899 Cap.
700 1854 756 1889 16.
804 1855 928 1890 Dionis
959 1856 1137 1892 Historiae
1167 1858 1348 1892 Romanae
1377 1856 1458 1891 libri
1492 1857 1686 1902 deperditi:

321 1905 489 1944 excerpta
517 1901 694 1935 Vaticana
717 1902 867 1936 15—18
889 1914 924 1946 p.
949 1901 1014 1937 147
1039 1914 1090 1947 sq.

363 2011 598 2048 Tribunorum
620 2015 730 2059 igitur
753 2018 907 2059 potestas
923 2014 1013 2049 hunc
1029 2019 1140 2050 ortum
1156 2016 1291 2050 habuit.
1330 2016 1455 2060 quibus
1471 2016 1540 2050 duo
1556 2016 1684 2050 aediles

229 2062 309 2091 sunt
331 2059 503 2102 adiuncti,
530 2072 670 2106 quorum
695 2061 893 2095 ministeriis
918 2062 962 2095 ad
985 2062 1119 2095 litteras
1152 2067 1343 2096 uterentur.
1391 2061 1451 2106 qui
1474 2073 1548 2095 cnm
1573 2062 1686 2095 omnia

228 2115 318 2148 quae
352 2105 407 2137 vel
444 2107 535 2149 apud
575 2107 708 2151 plebem
744 2108 799 2141 vel
828 2108 917 2154 apud
950 2109 1109 2152 populum
1142 2107 1196 2141 vel
1229 2112 1382 2141 senatum
1418 2107 1709 2141 decernerentur·

227 2150 425 2193 acciperent
452 2157 559 2196 atque
594 2158 833 2196 asservarent,
869 2153 951 2187 nihil
983 2165 1043 2186 eos
1067 2165 1184 2187 eorum
1209 2153 1356 2187 omnium
1381 2158 1470 2196 qu‘ae
1494 2154 1684 2197 agebantur

227 2196 371 2231 latebat.
420 2196 496 2230 olim
512 2198 620 2242 igitur
635 2199 687 2231 his
712 2199 753 2232 de
779 2200 892 2233 causis
916 2199 1122 2244 dicunilique
1145 2199 1232 2233 iuris
1256 2210 1337 2242 ergo
1362 2200 1580 2242 creabantur,
1606 2203 1686 2243 post

226 2246 340 2275 autem
365 2252 440 2275 cum
465 2243 534 2276 alia
557 2250 624 2277 tum
641 2255 753 2278 rerum
769 2245 943 2281 venalium
959 2247 1073 2279 forum
1093 2245 1144 2279 eis
1160 2245 1392 2280 commissumz
1417 2245 1507 2279 unde
1530 2257 1552 2279 a
1570 2246 1685 2279 Grae-

225 2287 275 2321 cis
300 2287 504 2331 Agoranomi
527 2290 753 2334 appellantur.

361 2334 416 2368 16.
462 2334 577 2368 Prima
607 2335 835 2370 Romanorum
868 2335 1041 2370 seditione
1072 2335 1115 2369 ad
1147 2335 1237 2368 hunc
1268 2335 1402 2369 modum
1433 2336 1573 2380 sedata,
1611 2347 1685 2370 cum

226 2377 446 2413 finitimorum
477 2381 574 2414 multi
606 2382 649 2414 ob
675 2393 748 2415 eam
773 2382 996 2415 secessionem
1021 2386 1144 2415 contra
1168 2391 1227 2414 eos
1250 2382 1415 2415 concitati
1440 2387 1573 2427 essent,
1606 2386 1686 2426 post

222 2424 369 2458 reditum
392 2425 427 2458 in
452 2427 600 2470 gratiam
626 2428 855 2461 concordibus
880 2428 999 2462 animis
1025 2427 1114 2461 bella
1140 2427 1183 2460 ab
1206 2427 1274 2460 illis
1298 2427 1392 2461 illata
1415 2428 1557 2462 fortiter
1581 2428 1686 2461 susti-

223 2475 392 2513 nuerunt,
425 2482 611 2516 omnesque
642 2479 905 2518 superaverunt.
952 2475 1015 2508 sed
1033 2484 1108 2506 cum
1133 2473 1289 2507 Coriolos
1314 2473 1533 2516 obsiderent,
1565 2485 1685 2518 parum

222 2516 335 2549 abfuit
359 2517 444 2561 quin
467 2519 588 2552 castris
613 2524 842 2562 exuerentur,
875 2519 943 2554 nisi
968 2520 1079 2555 virtus
1104 2519 1169 2553 Cn.
1193 2519 1320 2553 Marcii
1345 2519 1415 2553 viri
1435 2519 1575 2564 patricii
1601 2530 1685 2563 pro-

222 2560 350 2604 fligatis
385 2563 538 2598 hostibus
574 2565 782 2599 obstitisset.
828 2565 888 2610 qui
922 2577 997 2600 cum
1019 2564 1093 2599 aliis
1117 2565 1304 2599 honoribus
1328 2570 1383 2598 est
1415 2566 1579 2608 affectus,
1612 2570 1685 2598 tum

224 2607 400 2641 Coriolani
431 2618 690 2654 cognomentum
727 2623 746 2644 a
781 2611 920 2645 devicto
951 2624 974 2646 a
997 2623 1035 2644 se
1059 2611 1184 2656 populo
1209 2616 1426 2645 consecutus.
1472 2621 1513 2644 ac
1535 2615 1606 2644 tum
1632 2610 1684 2643 ita

222 2653 258 2686 in
293 2653 397 2686 altum
429 2662 484 2688 est
515 2661 679 2691 evectus:
712 2668 779 2690 non
805 2658 911 2692 multo
935 2662 1049 2692 autem
1072 2661 1172 2701 post,
1206 2668 1282 2691 cum
1306 2657 1339 2690 ei
1362 2657 1496 2702 petenti
1518 2661 1685 2700 praetura

222 2703 350 2743 negata
374 2700 483 2734 iratus
509 2703 634 2748 populo
658 2702 878 2737 tribuniciam
902 2707 1111 2748 potestatem
1134 2703 1324 2736 insectatus
1343 2708 1379 2736 et
1392 2703 1564 2746 abrogare
1580 2712 1684 2735 cona-

223 2747 279 2777 tus
304 2753 419 2790 esset,
445 2758 464 2780 a
492 2748 643 2782 tribunis
667 2748 796 2793 plebis,
828 2749 1032 2794 quibusdam
1064 2748 1261 2783 criminibus
1286 2748 1443 2782 confictis
1467 2753 1503 2781 et
1528 2746 1683 2782 affectati

222 2791 319 2835 regni
343 2792 510 2827 calumnia
533 2794 727 2838 instructa,
750 2795 785 2828 in
810 2795 964 2830 exsilium
988 2798 1085 2830 actus
1112 2798 1179 2831 est.
1226 2794 1323 2828 exsul
1347 2794 1463 2829 statim
1478 2793 1522 2827 ad
1537 2794 1683 2828 Volscos
