1820 3120
260 83 361 130 376
737 74 966 143 10ANN1s
999 79 1262 139 zoNARAE

259 197 459 252 ἐνέμειναν
500 191 641 252 ταύτῃ.
702 192 877 250 ’Ξζιιελλον
907 194 983 249 μὲν
1016 191 1116 252 γάρ,
1154 195 1188 236 εἲ
1219 194 1285 236 καὶ
1316 192 1374 249 μὴ
1408 193 1734 251 σκῆψις-αὖτοῒς

259 266 431 321 ἐγένετο,
465 264 743 319 μαχέσασθαι.
789 264 889 314 τέως
911 263 953 306 δ’
981 257 1052 305 οὖν
1080 262 1152 305 καί
1169 278 1271 312 τινες
1294 261 1431 313 αὗτοῖς
1453 265 1734 321 αἰτίαι-λαβὰς

258 338 332 388 τῆς
361 330 497 387 μάχης
530 331 744 376 δεδώκασι.
814 335 969 387 Μηνᾶς
999 330 1091 387 γὰρ,
1110 328 1369 387 ἐξελεύθερος
1398 329 1457 373 ὢν
1486 336 1560 389 τοῦ
1581 334 1731 385 Σέξτου

258 403 328 444 καὶ
351 402 392 443 ἓν
415 392 465 457 τῇ
489 403 651 458 Σαρδοῖ
676 405 728 459 τῇ
756 398 866 458 νήσῳ
888 398 1097 455 τυγχάνων
1117 397 1365 454 ὑπωπτεύθη
1391 399 1446 440 δι’
1473 399 1579 459 ἄλλα
1599 416 1641 446 τε
1665 404 1733 445 καὶ

259 469 321 513 ὅτι
353 473 411 526 τῷ
445 471 625 526 Καίσαρι
657 466 1101 524 ἐκεκοινολόγητοχκαὶ
1132 468 1440 525 μεταπεμφθεὶς
1471 465 1550 511 ὕπὸ
1582 470 1766 522 Σέξτουὸ

258 534 315 588 ὥς
347 536 491 594 λόγους
521 536 664 581 δώσων
695 539 784 594 περὶ
817 532 872 580 ὧν
905 534 1113 594 διῳκήκει,
1156 536 1252 587 τοὺς
1274 530 1347 591 ,ιἰἑν
1370 537 1632 599 πεμφθέντας
1654 539 1735 582 ἅπ-

259 606 402 649 έκτεινε
413 639 425 658 ,
460 606 534 661 τὴν
566 607 610 649 δὲ
633 611 755 661 νῆσον
779 610 835 664 τῷ
862 606 1042 662 Καίσαρι
1066 606 1132 647 καὶ
1156 605 1201 648 τὸ
1226 603 1414 648 ναυτικὸν
1436 599 1503 647 καὶ
1526 604 1572 648 τὸ
1595 607 1736 651 λοιπὸν

205 682 236 719 Β
260 674 493 733 στράτευμα
526 676 592 716 καὶ
625 673 769 717 ἑαυτὸν
800 674 1098 732 παραδέδωκεν.
1169 671 1190 715 ὅ
1216 674 1260 716 δὲ
1283 673 1406 716 αὐτὸν
1427 673 1614 730 μεγάλως
1633 677 1737 721 τετί-

255 757 382 799 μηκε·
419 744 647 794 δακτυλίοις
670 760 711 786 τε
735 743 814 800 γὰρ
841 748 1012 800 χρυσοῖς
1034 741 1231 797 ἐκόσμησε
1255 743 1322 784 καὶ
1345 747 1430 792 τοῖς
1452 742 1612 787 ἱππεῦσι
1636 760 1736 801 συγ-

258 812 555 867 κατηρίθμησε.
620 811 666 855 τὸ
691 812 736 854 δὲ
759 816 840 854 τῶν
864 812 1087 854 δακτυλίων
1110 815 1291 854 τοιοῦτον
1313 811 1435 867 ἔστίνι
1454 831 1456 833 >
1500 810 1631 855 οὐδενὶ
1653 816 1734 856 τῶν
1746 822 1794 858 lo

258 879 385 922 πάλαι
402 878 626 933 Ῥωμαίων,
663 880 738 934 οὐχ
760 880 822 923 ὅτι
845 884 926 922 τῶν
949 879 1246 935 ἀπελευθέρων,
1283 878 1377 921 ἀλλ’
1404 878 1499 922 οὐδὲ
1521 884 1602 924 τῶν
1624 881 1737 924 ἔλευ-

258 949 409 1005 θέρων,
440 948 546 1003 πλὴν
578 953 658 991 τῶν
691 953 921 1003 βουλευτῶν
945 950 1010 990 καὶ
1037 947 1200 999 ἱππέων,
1235 948 1462 998 δακτυλίοις
1479 955 1648 1006 χρυσοῖς
1670 967 1738 993 κε·-

255 1021 443 1073 χρῆσθαι
467 1018 572 1072 ἐξῆν,
607 1020 643 1060 εἷ
671 1017 730 1072 μὴ
763 1016 784 1060 ὅ
809 1017 855 1060 τὸ
880 1015 1028 1074 κράτος
1052 1016 1153 1071 &figant
1175 1020 1294 1059 τοῦτο
1319 1017 1526 1073 ἐπέτρεψε.
1593 1022 1738 1062 τοῦτον

259 1080 331 1127 οὖν
353 1090 426 1128 τοῦ
450 1086 600 1137 Σέξτου
626 1087 849 1142 ἕκδοθῆναί
864 1085 907 1128 οἳ
931 1084 1173 1140 αἰτήσαντος
1203 1083 1224 1127 ὃ
1251 1086 1415 1141 Καῖσαρ
1439 1084 1512 1128 οὔκ
1534 1086 1737 1138 ἐξέδωκεν,

258 1153 512 1210 ἀντεγκαλῶν
545 1158 603 1212 τῷ
635 1155 770 1213 Σέξτῳ
802 1155 847 1198 τὸ
879 1154 974 1204 τοὺς
1005 1152 1270 1210 αὐτομόλουςΙ
1289 1170 1331 1196 τε
1361 1151 1635 1208 ὑποδέχεσθαι
1667 1157 1734 1198 καὶ
1748 1163 1792 1201 15

257 1229 476 1278 ναυπηγεῖν
499 1221 675 1280 τριήρεις
698 1224 810 1281 παρὰ
832 1223 883 1265 τὰ
907 1223 1142 1278 συγκείμενα
1168 1224 1235 1264 καὶ
1259 1222 1388 1279 ἕτερα.
1445 1220 1467 1264 ὅ
1493 1223 1537 1266 δὲ
1561 1223 1610 1278 δὴ
1635 1224 1738 1275 Σέξ-

257 1307 328 1341 τος
363 1289 433 1333 διά
465 1309 506 1334 τε
539 1291 609 1334 τὸν
642 1294 796 1347 Μηνᾶν
830 1293 897 1334 καὶ
929 1291 988 1333 δι’
1024 1290 1130 1333 ἄλλα
1161 1290 1231 1333 τὸν
1262 1291 1456 1347 Καίσαρα
1489 1290 1738 1346 αῗτιῶμενος,

258 1359 428 1414 πέμψας
460 1360 591 1402 πολλὰ
622 1364 694 1414 τῆς
718 1361 963 1414 Καμπανίας
994 1357 1213 1416 ἐπόρθησε.
1282 1361 1352 1401 καὶ
1382 1357 1403 1401 ὅ
1429 1350 1598 1418 Καῖσαρ,
1618 1365 1738 1404 τοῦτο

207 1435 238 1470 C
260 1428 412 1482 μαθὼν
434 1426 504 1470 τόν
525 1446 567 1470 τε
590 1429 779 1471 Λέπιδον
811 1430 877 1470 καὶ
910 1429 980 1470 τὸν
1005 1425 1216 1470 Ἀντώνιον
1247 1427 1548 1482 μετεπέμψατο.
1616 1431 1683 1472 καὶ
1715 1427 1737 1471 ὅ

257 1497 331 1550 μὲν
354 1496 541 1552 Λέπιδος
563 1497 636 1539 οὒκ
660 1497 786 1548 εὐθὺς
807 1494 1050 1551 ὖπήκουσεν,
1078 1494 1288 1546 Ἀντώνιος
1312 1497 1355 1539 δὲ
1376 1491 1482 1551 ἦλθε
1503 1497 1577 1551 μὲν
1599 1498 1643 1540 ἔκ
1665 1502 1795 1552 τῆς20
1819 1537 1820 1542 ,

251 1563 449 1614 Ἑλλάδος
473 1568 528 1615 εἰς
551 1565 595 1608 τὸ
617 1566 866 1623 Βρεντέσιον,
891 1567 984 1621 πρὶν
1009 1565 1052 1607 δὲ
1075 1569 1131 1622 τῷ
1155 1565 1330 1622 Καίσαρι
1355 1568 1577 1617 συνελθεῖν,
1602 1567 1740 1617 δείσας
1819 1554 1820 1570 ³

260 1632 323 1677 ὅτι
342 1631 462 1684 λύκος
480 1636 535 1685 εἷς
557 1634 603 1677 τὸ
628 1633 868 1693 στρατήγιον
894 1633 1019 1677 αὐτοῦ
1045 1635 1210 1688 εἰσῆλθε
1232 1635 1299 1675 καὶ
1322 1631 1574 1691 στρατιώτας
1595 1633 1740 1692 ἔφθει-

353 1808 377 1842 8
400 1806 668 1851 παραδέδωκεν
691 1810 722 1844 Α
738 1836 747 1853 ,
771 1807 1030 1852 παραδεδώκει
1052 1809 1143 1851 PW.
1238 1809 1282 1844 15
1305 1818 1345 1843 τε
1368 1811 1450 1855 post
1471 1805 1514 1843 τὸ
1538 1809 1580 1846 A.
1674 1808 1739 1845 καὶ

353 1857 560 1898 ναυπηγεῖν
584 1852 757 1911 τριήρεις]
781 1853 942 1900 τριήρεις
964 1866 1003 1890 τε
1026 1855 1232 1900 ναυπηγεῖν
1257 1855 1300 1888 A.
1335 1896 1345 1910 r
1396 1854 1440 1890 16
1461 1853 1674 1902 ξυγκείμενα
1694 1857 1739 1901 A,

353 1900 571 1983 ffignssssva
595 1902 684 1946 Dio,
723 1900 987 1947 ωμολογημένα
1009 1901 1097 1936 PW.
1238 1897 1414 1945 ἕτεραττα
1444 1901 1485 1936 Α.
1626 1901 1670 1938 19
1701 1913 1741 1938 τε

261 2106 491 2152 pepigerant,
525 2109 627 2152 rupto
662 2105 805 2141 foedere
837 2106 963 2141 bellum
996 2108 1201 2150 gesserunt:
1235 2104 1279 2139 ad
1299 2104 1405 2150 ‘quod
1436 2105 1528 2140 ultro
1559 2105 1740 2152 propensi,

261 2153 424 2198 praebita
448 2153 635 2187 occasione
657 2153 760 2187 facile
783 2153 1004 2187 inclinarunt.
1030 2152 1153 2186 Menas
1178 2150 1266 2185 enim
1290 2151 1392 2185 Sexti
1415 2151 1564 2195 libertus
1587 2152 1624 2186 in
1650 2152 1740 2187 Sar-
1788 2163 1795 2166 ’

261 2197 355 2233 dinia
387 2209 495 2242 agens
527 2210 601 2232 cum
634 2200 678 2233 ob
711 2199 781 2233 alia
814 2206 885 2233 tum
909 2199 952 2232 ob
977 2198 1116 2232 habitos
1140 2209 1216 2231 cum
1239 2199 1394 2232 Caesare
1416 2209 1593 2232 sermones
1618 2209 1740 2243 suspe-

263 2250 364 2287 ctus»,
395 2256 471 2278 cum
498 2255 518 2278 a
543 2245 656 2279 Sexto
689 2245 791 2290 quasi
814 2245 857 2279 ad
880 2244 1089 2281 reddendam
1113 2248 1235 2288 gestae
1258 2243 1462 2289 provinciae
1487 2243 1657 2278 rationem
1679 2255 1738 2278 ar·-

262 2294 480 2334 cesseretur,
511 2291 639 2336 legatis
670 2291 794 2325 occisis
824 2291 970 2324 insulam
1000 2290 1156 2334 legiones
1180 2289 1322 2323 classem
1345 2290 1570 2336 semetipsum
1593 2288 1738 2324 Caesari

263 2336 422 2371 tradidit.
470 2347 492 2370 a
524 2348 592 2381 quo
629 2337 760 2381 magnis
792 2337 980 2375 honoribus
1005 2343 1147 2370 ornatus
1171 2346 1293 2369 aureos
1317 2336 1437 2369 anulos
1461 2334 1616 2380 accepit:
1649 2346 1740 2380 quos

263 2382 344 2416 olim
367 2380 499 2415 Romae
523 2394 587 2415 nec
608 2382 744 2417 libertis
771 2395 836 2416 nec
860 2382 1000 2425 liberis,
1035 2381 1101 2416 nisi
1130 2380 1162 2414 is
1185 2381 1276 2424 apud
1301 2393 1402 2426 quem
1427 2388 1555 2415 summa*
1581 2385 1738 2427 potestas

265 2432 343 2461 erat
368 2427 603 2473 permisisset,
629 2434 770 2472 gestare
793 2429 941 2471 licebat,
965 2428 1026 2462 sed
1051 2427 1267 2461 senatoribus
1292 2432 1328 2460 et
1352 2427 1526 2472 equitibus
1549 2427 1738 2461 duntaxat.

264 2474 355 2507 hunc
379 2473 489 2518 igitur
513 2485 588 2508 cum
614 2474 694 2508 dedi
720 2474 789 2508 sibi
813 2475 942 2508 Sextus
964 2473 1194 2519 postulasset,
1224 2473 1356 2507 Caesar
1391 2477 1504 2507 autem
1538 2483 1606 2509 non
1636 2472 1739 2506 dedi-

265 2519 396 2562 disset,
434 2519 584 2554 vicissim
617 2526 760 2564 questus
790 2520 882 2554 illum
912 2525 948 2554 et
970 2520 1172 2562 transfugas
1194 2518 1350 2564 recipere
1374 2523 1410 2552 et
1431 2518 1592 2553 triremes
1617 2518 1738 2552 aedifi-

265 2576 347 2599 care
372 2570 409 2599 et
432 2565 502 2599 alia
527 2571 668 2610 praeter
692 2571 795 2612 pacta
819 2571 855 2600 et
877 2569 1051 2600 conventa
1076 2565 1206 2607 facere,
1242 2570 1314 2598 tum
1338 2569 1484 2610 propter
1507 2564 1645 2598 Menam
1667 2568 1740 2599 tum

267 2612 311 2644 ob
336 2610 406 2644 alia
430 2611 574 2645 crimina
597 2612 710 2645 missis
734 2612 902 2646 militibus
926 2610 1149 2656 Campaniam
1173 2609 1275 2655 longe
1301 2611 1440 2654 lateque
1462 2611 1630 2647 vastavit.
1670 2621 1738 2654 quo

267 2656 403 2690 Caesar
425 2657 566 2702 cognito
589 2657 760 2703 Lepidum
783 2662 820 2692 et
844 2657 1028 2698 Antonium
1051 2654 1242 2691 arcessivit.
1269 2667 1310 2690 ac
1334 2655 1489 2701 Lepidus
1511 2655 1647 2701 quidem
1671 2666 1740 2690 non

267 2703 387 2735 statim
412 2704 689 2749 obtemperavit:
714 2704 886 2738 Antonius
911 2702 978 2737 etsi
1001 2714 1021 2736 e
1047 2701 1200 2736 Graecia
1225 2702 1457 2736 Brundusium
1481 2701 1601 2746 venit,
1624 2709 1739 2736 tamen

267 2748 468 2793 priusquam
492 2760 567 2783 cum
592 2751 747 2784 Caesare
769 2749 1055 2795 congrederetur,
1077 2746 1149 2793 lupi
1173 2747 1208 2781 in
1223 2747 1433 2793 praetorium
1450 2759 1547 2782 suum
1564 2747 1738 2792 ingressu,
