<?xml version="1.0" encoding="UTF-8"?>
<!DOCTYPE html PUBLIC "-//W3C//DTD XHTML 1.0 Transitional//EN"
    "http://www.w3.org/TR/xhtml1/DTD/xhtml1-transitional.dtd">
<html xmlns="http://www.w3.org/1999/xhtml" xml:lang="en" lang="en">
 <head>
  <title>
</title>
<meta http-equiv="Content-Type" content="text/html;charset=utf-8" />
  <meta name='ocr-system' content='tesseract 3.04.00' />
  <meta name='ocr-capabilities' content='ocr_page ocr_carea ocr_par ocr_line ocrx_word'/>
</head>
<body>
  <div class='ocr_page' id='page_1' title='image "./corpusscriptorum30niebuoft_0634.png"; bbox 0 0 1820 3120; ppageno 0'>
   <div class='ocr_carea' id='block_1_1' title="bbox 226 111 1242 175">
    <p class='ocr_par' dir='ltr' id='par_1_1' title="bbox 226 111 1242 175">
     <span class='ocr_line' id='line_1_1' title="bbox 226 111 1242 175; baseline -0.001 -18"><span class='ocrx_word' id='word_1_1' title='bbox 226 111 331 162; x_wconf 78' lang='lat'>624</span> <span class='ocrx_word' id='word_1_2' title='bbox 614 165 625 175; x_wconf 21' lang='grc' dir='ltr'>Ι,</span> <span class='ocrx_word' id='word_1_3' title='bbox 709 112 941 156; x_wconf 85' lang='lat' dir='ltr'><strong>IOANNIS</strong></span> <span class='ocrx_word' id='word_1_4' title='bbox 976 112 1242 156; x_wconf 85' lang='lat' dir='ltr'><strong>ZONARAE</strong></span> 
     </span>
    </p>
   </div>
   <div class='ocr_carea' id='block_1_2' title="bbox 36 223 1769 1656">
    <p class='ocr_par' dir='ltr' id='par_1_2' title="bbox 36 223 1769 1656">
     <span class='ocr_line' id='line_1_2' title="bbox 234 223 1714 290; baseline 0.003 -21"><span class='ocrx_word' id='word_1_5' title='bbox 234 223 370 286; x_wconf 75' lang='grc' dir='ltr'><strong><em>τρῴας</em></strong></span> <span class='ocrx_word' id='word_1_6' title='bbox 389 225 599 279; x_wconf 78' lang='grc' dir='ltr'><strong><em>βασιλείας</em></strong></span> <span class='ocrx_word' id='word_1_7' title='bbox 620 223 788 279; x_wconf 76' lang='grc' dir='ltr'><strong><em>ἠξίωτο·</em></strong></span> <span class='ocrx_word' id='word_1_8' title='bbox 834 226 925 280; x_wconf 85' lang='grc'>(34)</span> <span class='ocrx_word' id='word_1_9' title='bbox 949 228 1188 280; x_wconf 80' lang='grc' dir='ltr'><strong><em>Μαξιμΐνος</em></strong></span> <span class='ocrx_word' id='word_1_10' title='bbox 1210 227 1256 269; x_wconf 79' lang='grc' dir='ltr'>δὲ</span> <span class='ocrx_word' id='word_1_11' title='bbox 1278 227 1470 274; x_wconf 76' lang='grc' dir='ltr'><strong><em>κοινωνὸν</em></strong></span> <span class='ocrx_word' id='word_1_12' title='bbox 1491 233 1564 283; x_wconf 83' lang='grc' dir='ltr'>τῆς</span> <span class='ocrx_word' id='word_1_13' title='bbox 1585 230 1714 290; x_wconf 69' lang='grc' dir='ltr'><strong><em>ἀρχῆς</em></strong></span> 
     </span>
     <span class='ocr_line' id='line_1_3' title="bbox 231 291 1715 356; baseline 0.005 -19"><span class='ocrx_word' id='word_1_14' title='bbox 231 295 302 337; x_wconf 87' lang='grc' dir='ltr'>τὸν</span> <span class='ocrx_word' id='word_1_15' title='bbox 331 294 544 336; x_wconf 79' lang='grc' dir='ltr'><strong><em>Λικίννιον</em></strong></span> <span class='ocrx_word' id='word_1_16' title='bbox 575 291 864 352; x_wconf 77' lang='grc' dir='ltr'><strong><em>προσειλήφει,</em></strong></span> <span class='ocrx_word' id='word_1_17' title='bbox 908 294 951 336; x_wconf 71' lang='grc' dir='ltr'>ἐκ</span> <span class='ocrx_word' id='word_1_18' title='bbox 983 294 1137 350; x_wconf 81' lang='grc' dir='ltr'><strong><em>Δακῶν</em></strong></span> <span class='ocrx_word' id='word_1_19' title='bbox 1170 296 1337 338; x_wconf 69' lang='grc' dir='ltr'><strong><em>ἕλκοντα</em></strong></span> <span class='ocrx_word' id='word_1_20' title='bbox 1369 295 1443 352; x_wconf 73' lang='grc' dir='ltr'>τὴν</span> <span class='ocrx_word' id='word_1_21' title='bbox 1474 299 1715 356; x_wconf 38' lang='grc' dir='ltr'><strong><em>τοῦγένους</em></strong></span> 
     </span>
     <span class='ocr_line' id='line_1_4' title="bbox 229 361 1712 421; baseline 0.004 -16"><span class='ocrx_word' id='word_1_22' title='bbox 229 363 382 420; x_wconf 88' lang='grc' dir='ltr'><strong><em>σείραν,</em></strong></span> <span class='ocrx_word' id='word_1_23' title='bbox 407 364 473 404; x_wconf 88' lang='grc' dir='ltr'>καὶ</span> <span class='ocrx_word' id='word_1_24' title='bbox 495 361 683 419; x_wconf 77' lang='grc' dir='ltr'><strong><em>γαμβρὸν</em></strong></span> <span class='ocrx_word' id='word_1_25' title='bbox 707 361 805 404; x_wconf 76' lang='grc' dir='ltr'><strong><em>ὄντα</em></strong></span> <span class='ocrx_word' id='word_1_26' title='bbox 828 362 892 405; x_wconf 73' lang='grc' dir='ltr'>ἐπ’</span> <span class='ocrx_word' id='word_1_27' title='bbox 921 362 1080 420; x_wconf 77' lang='grc' dir='ltr'><em>ἀδελφῇ</em></span> <span class='ocrx_word' id='word_1_28' title='bbox 1100 368 1173 406; x_wconf 81' lang='grc' dir='ltr'>τοῦ</span> <span class='ocrx_word' id='word_1_29' title='bbox 1191 362 1370 421; x_wconf 73' lang='grc' dir='ltr'><strong><em>μεγάλου</em></strong></span> <span class='ocrx_word' id='word_1_30' title='bbox 1390 366 1712 413; x_wconf 66' lang='grc' dir='ltr'><strong><em>Κωνστᾱήίνου.</em></strong></span> 
     </span>
     <span class='ocr_line' id='line_1_5' title="bbox 229 429 1713 493; baseline 0.004 -21"><span class='ocrx_word' id='word_1_31' title='bbox 229 429 419 473; x_wconf 83' lang='grc' dir='ltr'><strong><em>κοινωνὸν</em></strong></span> <span class='ocrx_word' id='word_1_32' title='bbox 452 431 496 472; x_wconf 78' lang='grc' dir='ltr'>δὲ</span> <span class='ocrx_word' id='word_1_33' title='bbox 528 435 600 484; x_wconf 83' lang='grc' dir='ltr'>τῆς</span> <span class='ocrx_word' id='word_1_34' title='bbox 630 432 840 484; x_wconf 71' lang='grc' dir='ltr'><strong><em>βασιλείας</em></strong></span> <span class='ocrx_word' id='word_1_35' title='bbox 863 430 987 474; x_wconf 75' lang='grc' dir='ltr'><strong><em>αὐτὸν</em></strong></span> <span class='ocrx_word' id='word_1_36' title='bbox 1010 432 1284 487; x_wconf 74' lang='grc' dir='ltr'><strong><em>ποιησάμενος</em></strong></span> <span class='ocrx_word' id='word_1_37' title='bbox 1306 433 1376 477; x_wconf 84' lang='grc' dir='ltr'>τὸν</span> <span class='ocrx_word' id='word_1_38' title='bbox 1397 434 1471 488; x_wconf 73' lang='grc' dir='ltr'><strong><em>’μὲν</em></strong></span> <span class='ocrx_word' id='word_1_39' title='bbox 1494 435 1536 478; x_wconf 78' lang='grc' dir='ltr'>ἐν</span> <span class='ocrx_word' id='word_1_40' title='bbox 1554 433 1713 493; x_wconf 48' lang='lat' dir='ltr'>&#39;uffin-</span> 
     </span>
     <span class='ocr_line' id='line_1_6' title="bbox 228 494 1745 561; baseline 0.004 -20"><span class='ocrx_word' id='word_1_41' title='bbox 228 503 383 557; x_wconf 76' lang='grc' dir='ltr'><strong><em>λυρικῷ</em></strong></span> <span class='ocrx_word' id='word_1_42' title='bbox 412 500 696 542; x_wconf 73' lang='grc' dir='ltr'><strong><em>καταλέλοιπεν</em></strong></span> <span class='ocrx_word' id='word_1_43' title='bbox 722 499 781 541; x_wconf 74' lang='lat' dir='ltr'>‘lv&#39;</span> <span class='ocrx_word' id='word_1_44' title='bbox 816 498 950 557; x_wconf 79' lang='grc' dir='ltr'><strong><em>ἀμύνῃ</em></strong></span> <span class='ocrx_word' id='word_1_45' title='bbox 982 507 1066 550; x_wconf 78' lang='grc' dir='ltr'><strong><em>τοῖς</em></strong></span> <span class='ocrx_word' id='word_1_46' title='bbox 1094 500 1250 561; x_wconf 66' lang='grc' dir='ltr'><strong><em>Θρᾳξὶν</em></strong></span> <span class='ocrx_word' id='word_1_47' title='bbox 1273 500 1352 545; x_wconf 76' lang='grc' dir='ltr'>ὕπὸ</span> <span class='ocrx_word' id='word_1_48' title='bbox 1374 494 1745 560; x_wconf 72' lang='grc' dir='ltr'><strong><em>βαρβάρών·ληὶ”-5</em></strong></span> 
     </span>
     <span class='ocr_line' id='line_1_7' title="bbox 227 566 1715 628; baseline 0.003 -18"><span class='ocrx_word' id='word_1_49' title='bbox 227 568 430 622; x_wconf 79' lang='grc' dir='ltr'><strong><em>ζομένοις,</em></strong></span> <span class='ocrx_word' id='word_1_50' title='bbox 466 569 612 617; x_wconf 76' lang='grc' dir='ltr'><strong><em>ἐκεῖνος</em></strong></span> <span class='ocrx_word' id='word_1_51' title='bbox 648 568 690 609; x_wconf 76' lang='lat'>(5²</span> <span class='ocrx_word' id='word_1_52' title='bbox 719 570 774 618; x_wconf 79' lang='grc' dir='ltr'>εἰς</span> <span class='ocrx_word' id='word_1_53' title='bbox 790 566 950 623; x_wconf 87' lang='grc' dir='ltr'><strong><em>Ῥώμην</em></strong></span> <span class='ocrx_word' id='word_1_54' title='bbox 974 568 1141 626; x_wconf 78' lang='grc' dir='ltr'><strong><em>ἄφίκετο</em></strong></span> <span class='ocrx_word' id='word_1_55' title='bbox 1164 568 1397 625; x_wconf 88' lang='grc' dir='ltr'><strong><em>μαχόμενος</em></strong></span> <span class='ocrx_word' id='word_1_56' title='bbox 1419 570 1522 628; x_wconf 79' lang='grc' dir='ltr'><strong><em>πρὸς</em></strong></span> <span class='ocrx_word' id='word_1_57' title='bbox 1535 572 1715 623; x_wconf 73' lang='grc' dir='ltr'><strong><em>,Μαξέν-</em></strong></span> 
     </span>
     <span class='ocr_line' id='line_1_8' title="bbox 224 635 1714 698; baseline 0.003 -19"><span class='ocrx_word' id='word_1_58' title='bbox 224 653 324 679; x_wconf 88' lang='grc' dir='ltr'><strong><em>τιον.</em></strong></span> <span class='ocrx_word' id='word_1_59' title='bbox 396 635 481 680; x_wconf 77' lang='grc' dir='ltr'><strong><em>εἶτα</em></strong></span> <span class='ocrx_word' id='word_1_60' title='bbox 504 637 599 686; x_wconf 77' lang='grc' dir='ltr'><strong><em>τοὺς</em></strong></span> <span class='ocrx_word' id='word_1_61' title='bbox 623 638 791 687; x_wconf 80' lang='grc' dir='ltr'><strong><em>οἶκειόυς</em></strong></span> <span class='ocrx_word' id='word_1_62' title='bbox 814 635 1020 687; x_wconf 74' lang='grc' dir='ltr'><strong><em>ὑπόπτους</em></strong></span> <span class='ocrx_word' id='word_1_63' title='bbox 1043 638 1153 692; x_wconf 79' lang='grc' dir='ltr'><strong><em>σχὼν</em></strong></span> <span class='ocrx_word' id='word_1_64' title='bbox 1176 638 1450 696; x_wconf 78' lang='grc' dir='ltr'><strong><em>στρατιώτας,</em></strong></span> <span class='ocrx_word' id='word_1_65' title='bbox 1483 641 1553 686; x_wconf 74' lang='grc' dir='ltr'>καὶ</span> <span class='ocrx_word' id='word_1_66' title='bbox 1571 645 1714 698; x_wconf 38' lang='grc' dir='ltr'><strong><em>’φοβη-</em></strong></span> 
     </span>
     <span class='ocr_line' id='line_1_9' title="bbox 224 703 1714 767; baseline 0.003 -20"><span class='ocrx_word' id='word_1_67' title='bbox 224 706 316 755; x_wconf 78' lang='grc' dir='ltr'><strong><em>θεὶς</em></strong></span> <span class='ocrx_word' id='word_1_68' title='bbox 337 705 395 760; x_wconf 54' lang='grc' dir='ltr'><strong><em>μη</em></strong></span> <span class='ocrx_word' id='word_1_69' title='bbox 421 703 671 762; x_wconf 87' lang='grc' dir='ltr'><strong><em>πρόσθοιντο</em></strong></span> <span class='ocrx_word' id='word_1_70' title='bbox 695 710 751 763; x_wconf 72' lang='grc' dir='ltr'><strong><em>τῷ</em></strong></span> <span class='ocrx_word' id='word_1_71' title='bbox 776 707 929 763; x_wconf 73' lang='grc' dir='ltr'><strong><em>ἐχθρῷ,</em></strong></span> <span class='ocrx_word' id='word_1_72' title='bbox 953 706 1108 761; x_wconf 73' lang='grc' dir='ltr'><strong><em>ἀπέστη</em></strong></span> <span class='ocrx_word' id='word_1_73' title='bbox 1133 711 1208 762; x_wconf 85' lang='grc' dir='ltr'>τῆς</span> <span class='ocrx_word' id='word_1_74' title='bbox 1229 705 1365 763; x_wconf 81' lang='grc' dir='ltr'><strong><em>μάχης</em></strong></span> <span class='ocrx_word' id='word_1_75' title='bbox 1383 711 1450 751; x_wconf 80' lang='grc' dir='ltr'>καὶ</span> <span class='ocrx_word' id='word_1_76' title='bbox 1469 707 1714 767; x_wconf 74' lang='grc' dir='ltr'><strong><em>ἀνεχώρησε.</em></strong></span> 
     </span>
     <span class='ocr_line' id='line_1_10' title="bbox 225 772 1714 835; baseline 0.003 -20"><span class='ocrx_word' id='word_1_77' title='bbox 225 776 523 829; x_wconf 75' lang='grc' dir='ltr'><strong><em>μεταμεληθεὶς</em></strong></span> <span class='ocrx_word' id='word_1_78' title='bbox 555 774 596 816; x_wconf 73' lang='grc' dir='ltr'>δ’</span> <span class='ocrx_word' id='word_1_79' title='bbox 633 775 696 816; x_wconf 72' lang='grc' dir='ltr'>ἐπὶ</span> <span class='ocrx_word' id='word_1_80' title='bbox 729 778 780 831; x_wconf 84' lang='grc' dir='ltr'><strong><em>τῇ</em></strong></span> <span class='ocrx_word' id='word_1_81' title='bbox 806 772 1038 830; x_wconf 80' lang='grc' dir='ltr'><strong><em>προσλήψει</em></strong></span> <span class='ocrx_word' id='word_1_82' title='bbox 1061 780 1134 818; x_wconf 82' lang='grc' dir='ltr'>τοῦ</span> <span class='ocrx_word' id='word_1_83' title='bbox 1157 777 1388 828; x_wconf 70' lang='grc' dir='ltr'><strong><em>Λικιννίου,</em></strong></span> <span class='ocrx_word' id='word_1_84' title='bbox 1422 775 1619 835; x_wconf 75' lang='grc' dir='ltr'><strong><em>πρότερον</em></strong></span> <span class='ocrx_word' id='word_1_85' title='bbox 1639 779 1714 832; x_wconf 78' lang='grc' dir='ltr'>μὲν</span> 
     </span>
     <span class='ocr_line' id='line_1_11' title="bbox 174 841 1769 900; baseline 0.001 -13"><span class='ocrx_word' id='word_1_86' title='bbox 174 853 205 887; x_wconf 93' lang='lat' dir='ltr'>D</span> <span class='ocrx_word' id='word_1_87' title='bbox 230 843 442 899; x_wconf 74' lang='grc' dir='ltr'><strong><em>λαθραίως</em></strong></span> <span class='ocrx_word' id='word_1_88' title='bbox 481 843 593 900; x_wconf 74' lang='grc' dir='ltr'><strong><em>αὐτῷ</em></strong></span> <span class='ocrx_word' id='word_1_89' title='bbox 627 841 901 896; x_wconf 74' lang='grc' dir='ltr'><strong><em>ἐπεβούλευεν,</em></strong></span> <span class='ocrx_word' id='word_1_90' title='bbox 954 841 1039 885; x_wconf 79' lang='grc' dir='ltr'><strong><em>εἶτα</em></strong></span> <span class='ocrx_word' id='word_1_91' title='bbox 1074 846 1142 886; x_wconf 82' lang='grc' dir='ltr'>καὶ</span> <span class='ocrx_word' id='word_1_92' title='bbox 1175 843 1312 900; x_wconf 81' lang='grc' dir='ltr'><strong><em>μάχην</em></strong></span> <span class='ocrx_word' id='word_1_93' title='bbox 1351 846 1450 888; x_wconf 75' lang='grc' dir='ltr'><strong><em>κατ’</em></strong></span> <span class='ocrx_word' id='word_1_94' title='bbox 1492 845 1619 890; x_wconf 70' lang='grc' dir='ltr'><strong><em>αὐτοῦ</em></strong></span> <span class='ocrx_word' id='word_1_95' title='bbox 1657 847 1714 897; x_wconf 77' lang='grc' dir='ltr'>εἷς</span> <span class='ocrx_word' id='word_1_96' title='bbox 1724 853 1769 888; x_wconf 87' lang='grc'>10</span> 
     </span>
     <span class='ocr_line' id='line_1_12' title="bbox 229 909 1713 972; baseline 0.003 -19"><span class='ocrx_word' id='word_1_97' title='bbox 229 911 460 969; x_wconf 75' lang='grc' dir='ltr'><strong><em>τούμφανὲς</em></strong></span> <span class='ocrx_word' id='word_1_98' title='bbox 482 909 769 966; x_wconf 80' lang='grc' dir='ltr'><strong><em>συνεστήσατο.</em></strong></span> <span class='ocrx_word' id='word_1_99' title='bbox 839 914 905 954; x_wconf 84' lang='grc' dir='ltr'>καὶ</span> <span class='ocrx_word' id='word_1_100' title='bbox 929 913 1154 966; x_wconf 80' lang='grc' dir='ltr'><strong><em>συμβαλὼν</em></strong></span> <span class='ocrx_word' id='word_1_101' title='bbox 1177 913 1290 972; x_wconf 76' lang='grc' dir='ltr'><strong><em>αὐτῷ</em></strong></span> <span class='ocrx_word' id='word_1_102' title='bbox 1312 909 1519 971; x_wconf 77' lang='grc' dir='ltr'><strong><em>τρέπεται,</em></strong></span> <span class='ocrx_word' id='word_1_103' title='bbox 1549 916 1618 958; x_wconf 79' lang='grc' dir='ltr'>καὶ</span> <span class='ocrx_word' id='word_1_104' title='bbox 1638 913 1713 971; x_wconf 78' lang='grc' dir='ltr'><strong><em>ἡτ-</em></strong></span> 
     </span>
     <span class='ocr_line' id='line_1_13' title="bbox 227 978 1394 1040; baseline 0.002 -17"><span class='ocrx_word' id='word_1_105' title='bbox 227 978 406 1035; x_wconf 78' lang='grc' dir='ltr'><strong><em>τώμενος</em></strong></span> <span class='ocrx_word' id='word_1_106' title='bbox 429 980 575 1038; x_wconf 69' lang='grc' dir='ltr'><strong><em>ἔφυγε,</em></strong></span> <span class='ocrx_word' id='word_1_107' title='bbox 605 981 672 1022; x_wconf 84' lang='grc' dir='ltr'>καὶ</span> <span class='ocrx_word' id='word_1_108' title='bbox 697 982 738 1022; x_wconf 80' lang='grc' dir='ltr'>ἒν</span> <span class='ocrx_word' id='word_1_109' title='bbox 760 984 812 1037; x_wconf 83' lang='grc' dir='ltr'><strong><em>τῇ</em></strong></span> <span class='ocrx_word' id='word_1_110' title='bbox 835 985 944 1038; x_wconf 79' lang='grc' dir='ltr'><strong><em>φυγῇ</em></strong></span> <span class='ocrx_word' id='word_1_111' title='bbox 969 979 1113 1024; x_wconf 65' lang='grc' dir='ltr'><strong><em>ἑαυτὸν</em></strong></span> <span class='ocrx_word' id='word_1_112' title='bbox 1136 981 1394 1040; x_wconf 73' lang='grc' dir='ltr'><strong><em>διεχρήσατο.</em></strong></span> 
     </span>
     <span class='ocr_line' id='line_1_14' title="bbox 368 1044 1712 1108; baseline 0.002 -16"><span class='ocrx_word' id='word_1_113' title='bbox 368 1050 419 1092; x_wconf 74' lang='grc' dir='ltr'>Οἱ</span> <span class='ocrx_word' id='word_1_114' title='bbox 451 1050 525 1103; x_wconf 81' lang='grc' dir='ltr'>μὲν</span> <span class='ocrx_word' id='word_1_115' title='bbox 557 1044 628 1091; x_wconf 74' lang='grc' dir='ltr'>οὖν</span> <span class='ocrx_word' id='word_1_116' title='bbox 663 1048 833 1107; x_wconf 82' lang='grc' dir='ltr'><strong><em>τοιούτῳ</em></strong></span> <span class='ocrx_word' id='word_1_117' title='bbox 867 1050 970 1092; x_wconf 76' lang='grc' dir='ltr'><strong><em>τέλει</em></strong></span> <span class='ocrx_word' id='word_1_118' title='bbox 1001 1054 1226 1093; x_wconf 78' lang='grc' dir='ltr'><strong><em>καταλῦσαι</em></strong></span> <span class='ocrx_word' id='word_1_119' title='bbox 1257 1051 1331 1106; x_wconf 88' lang='grc' dir='ltr'>τὴν</span> <span class='ocrx_word' id='word_1_120' title='bbox 1363 1050 1467 1106; x_wconf 84' lang='grc' dir='ltr'><strong><em>ζωὴν</em></strong></span> <span class='ocrx_word' id='word_1_121' title='bbox 1492 1049 1712 1108; x_wconf 75' lang='grc' dir='ltr'><strong><em>ἱστόρησαν</em></strong></span> 
     </span>
     <span class='ocr_line' id='line_1_15' title="bbox 226 1112 1712 1175; baseline 0.001 -14"><span class='ocrx_word' id='word_1_122' title='bbox 226 1118 297 1161; x_wconf 83' lang='grc' dir='ltr'>τὸν</span> <span class='ocrx_word' id='word_1_123' title='bbox 314 1121 565 1173; x_wconf 76' lang='grc' dir='ltr'><strong><em>Μαξιμΐνον,</em></strong></span> <span class='ocrx_word' id='word_1_124' title='bbox 590 1118 629 1160; x_wconf 78' lang='grc' dir='ltr'><strong><em>οἱ</em></strong></span> <span class='ocrx_word' id='word_1_125' title='bbox 653 1118 697 1160; x_wconf 80' lang='grc' dir='ltr'>δὲ</span> <span class='ocrx_word' id='word_1_126' title='bbox 719 1118 824 1160; x_wconf 83' lang='grc' dir='ltr'><strong><em>κατὰ</em></strong></span> <span class='ocrx_word' id='word_1_127' title='bbox 841 1122 1089 1174; x_wconf 79' lang='grc' dir='ltr'><strong><em>χριστιανῶν</em></strong></span> <span class='ocrx_word' id='word_1_128' title='bbox 1113 1119 1236 1162; x_wconf 80' lang='grc' dir='ltr'><strong><em>αὐτὸν</em></strong></span> <span class='ocrx_word' id='word_1_129' title='bbox 1260 1112 1481 1174; x_wconf 77' lang='grc' dir='ltr'><strong><em>ἐκμανέντα</em></strong></span> <span class='ocrx_word' id='word_1_130' title='bbox 1501 1123 1712 1175; x_wconf 73' lang='grc' dir='ltr'><strong><em>μετελθεῖν</em></strong></span> 
     </span>
     <span class='ocr_line' id='line_1_16' title="bbox 224 1185 1766 1246; baseline 0.002 -18"><span class='ocrx_word' id='word_1_131' title='bbox 224 1188 299 1242; x_wconf 83' lang='grc' dir='ltr'>τὴν</span> <span class='ocrx_word' id='word_1_132' title='bbox 321 1190 440 1230; x_wconf 85' lang='grc' dir='ltr'><strong><em>θείαν</em></strong></span> <span class='ocrx_word' id='word_1_133' title='bbox 464 1189 578 1242; x_wconf 78' lang='grc' dir='ltr'><strong><em>δίκην</em></strong></span> <span class='ocrx_word' id='word_1_134' title='bbox 601 1185 950 1243; x_wconf 78' lang='grc' dir='ltr'><strong><em>παραδεδώκασιν.</em></strong></span> <span class='ocrx_word' id='word_1_135' title='bbox 998 1188 1111 1237; x_wconf 69' lang='grc' dir='ltr'><strong><em>ἕλκος</em></strong></span> <span class='ocrx_word' id='word_1_136' title='bbox 1133 1189 1211 1245; x_wconf 75' lang='grc' dir='ltr'>γὰρ</span> <span class='ocrx_word' id='word_1_137' title='bbox 1237 1189 1447 1244; x_wconf 83' lang='grc' dir='ltr'><strong><em>ε’νσκῆψαν</em></strong></span> <span class='ocrx_word' id='word_1_138' title='bbox 1468 1188 1598 1232; x_wconf 77' lang='grc' dir='ltr'><strong><em>αὐτοῦ</em></strong></span> <span class='ocrx_word' id='word_1_139' title='bbox 1620 1190 1708 1246; x_wconf 82' lang='grc' dir='ltr'><strong><em>περὶ</em></strong></span> <span class='ocrx_word' id='word_1_140' title='bbox 1722 1196 1766 1231; x_wconf 87' lang='lat'>15</span> 
     </span>
     <span class='ocr_line' id='line_1_17' title="bbox 226 1253 1711 1312; baseline 0.001 -14"><span class='ocrx_word' id='word_1_141' title='bbox 226 1257 295 1298; x_wconf 87' lang='grc' dir='ltr'>τὸν</span> <span class='ocrx_word' id='word_1_142' title='bbox 317 1260 511 1311; x_wconf 77' lang='grc' dir='ltr'><strong><em>βουβῶνα</em></strong></span> <span class='ocrx_word' id='word_1_143' title='bbox 535 1257 602 1298; x_wconf 86' lang='grc' dir='ltr'>καὶ</span> <span class='ocrx_word' id='word_1_144' title='bbox 627 1256 700 1310; x_wconf 84' lang='grc' dir='ltr'>τὴν</span> <span class='ocrx_word' id='word_1_145' title='bbox 722 1257 825 1298; x_wconf 76' lang='grc' dir='ltr'><strong><em>αἰδῶ</em></strong></span> <span class='ocrx_word' id='word_1_146' title='bbox 845 1253 1134 1309; x_wconf 86' lang='grc' dir='ltr'><strong><em>χαλεπώτατον</em></strong></span> <span class='ocrx_word' id='word_1_147' title='bbox 1165 1257 1217 1300; x_wconf 83' lang='grc' dir='ltr'><strong><em>τὰ</em></strong></span> <span class='ocrx_word' id='word_1_148' title='bbox 1246 1262 1318 1312; x_wconf 84' lang='grc' dir='ltr'>τῆς</span> <span class='ocrx_word' id='word_1_149' title='bbox 1341 1257 1711 1308; x_wconf 79' lang='grc' dir='ltr'><strong><em>ἀκολασίαςαῦτοῦ</em></strong></span> 
     </span>
     <span class='ocr_line' id='line_1_18' title="bbox 225 1323 1711 1382; baseline 0.001 -15"><span class='ocrx_word' id='word_1_150' title='bbox 225 1324 519 1378; x_wconf 72' lang='grc' dir='ltr'><strong><em>ἐπιβόσκεσθαι</em></strong></span> <span class='ocrx_word' id='word_1_151' title='bbox 543 1323 710 1381; x_wconf 76' lang='grc' dir='ltr'><strong><em>ὄργανα.</em></strong></span> <span class='ocrx_word' id='word_1_152' title='bbox 746 1325 789 1366; x_wconf 69' lang='grc' dir='ltr'>ἐκ</span> <span class='ocrx_word' id='word_1_153' title='bbox 813 1325 861 1366; x_wconf 78' lang='grc' dir='ltr'>δέ</span> <span class='ocrx_word' id='word_1_154' title='bbox 880 1341 923 1380; x_wconf 76' lang='grc' dir='ltr'>γε</span> <span class='ocrx_word' id='word_1_155' title='bbox 946 1329 1020 1379; x_wconf 84' lang='grc' dir='ltr'>τῆς</span> <span class='ocrx_word' id='word_1_156' title='bbox 1043 1323 1210 1380; x_wconf 82' lang='grc' dir='ltr'><strong><em>σήψεως</em></strong></span> <span class='ocrx_word' id='word_1_157' title='bbox 1231 1324 1385 1369; x_wconf 78' lang='grc' dir='ltr'><strong><em>τούτων</em></strong></span> <span class='ocrx_word' id='word_1_158' title='bbox 1406 1328 1475 1369; x_wconf 85' lang='grc' dir='ltr'>καὶ</span> <span class='ocrx_word' id='word_1_159' title='bbox 1499 1324 1711 1382; x_wconf 79' lang='grc' dir='ltr'><strong><em>σκώληκας</em></strong></span> 
     </span>
     <span class='ocr_line' id='line_1_19' title="bbox 227 1391 1709 1453; baseline 0.001 -17"><span class='ocrx_word' id='word_1_160' title='bbox 227 1392 588 1450; x_wconf 81' lang='grc' dir='ltr'><strong><em>ἀναβράσσεσθαι,</em></strong></span> <span class='ocrx_word' id='word_1_161' title='bbox 620 1395 686 1435; x_wconf 82' lang='grc' dir='ltr'>καὶ</span> <span class='ocrx_word' id='word_1_162' title='bbox 714 1391 812 1435; x_wconf 78' lang='grc' dir='ltr'><strong><em>εἶναι</em></strong></span> <span class='ocrx_word' id='word_1_163' title='bbox 837 1393 882 1435; x_wconf 83' lang='grc' dir='ltr'><strong><em>τὸ</em></strong></span> <span class='ocrx_word' id='word_1_164' title='bbox 907 1391 1045 1444; x_wconf 86' lang='grc' dir='ltr'><strong><em>πάθος</em></strong></span> <span class='ocrx_word' id='word_1_165' title='bbox 1069 1394 1244 1437; x_wconf 80' lang='grc' dir='ltr'><strong><em>ἀνίατον.</em></strong></span> <span class='ocrx_word' id='word_1_166' title='bbox 1279 1397 1429 1451; x_wconf 81' lang='grc' dir='ltr'><strong><em>ῗατρῶν</em></strong></span> <span class='ocrx_word' id='word_1_167' title='bbox 1453 1394 1615 1453; x_wconf 9' lang='grc' dir='ltr'><strong><em>δὲμτούς</em></strong></span> <span class='ocrx_word' id='word_1_168' title='bbox 1634 1395 1709 1450; x_wconf 71' lang='grc' dir='ltr'>μὲν</span> 
     </span>
     <span class='ocr_line' id='line_1_20' title="bbox 227 1460 1711 1521; baseline 0.001 -17"><span class='ocrx_word' id='word_1_169' title='bbox 227 1461 403 1505; x_wconf 80' lang='grc' dir='ltr'><strong><em>αὐτόθεν</em></strong></span> <span class='ocrx_word' id='word_1_170' title='bbox 423 1460 749 1517; x_wconf 80' lang='grc' dir='ltr'><strong><em>ἀπαγορεύοντας</em></strong></span> <span class='ocrx_word' id='word_1_171' title='bbox 767 1461 838 1516; x_wconf 85' lang='grc' dir='ltr'>τὴν</span> <span class='ocrx_word' id='word_1_172' title='bbox 858 1462 1078 1518; x_wconf 74' lang='grc' dir='ltr'><strong><em>ἐγχείρησιν</em></strong></span> <span class='ocrx_word' id='word_1_173' title='bbox 1097 1462 1218 1516; x_wconf 81' lang='grc' dir='ltr'><strong><em>ὠμῶς</em></strong></span> <span class='ocrx_word' id='word_1_174' title='bbox 1236 1461 1591 1521; x_wconf 79' lang='grc' dir='ltr'><strong><em>ἀποσφάττεσθαι,</em></strong></span> <span class='ocrx_word' id='word_1_175' title='bbox 1613 1463 1711 1514; x_wconf 74' lang='grc' dir='ltr'><strong><em>τοὺς</em></strong></span> 
     </span>
     <span class='ocr_line' id='line_1_21' title="bbox 36 1530 1764 1587; baseline 0.002 -16"><span class='ocrx_word' id='word_1_176' title='bbox 36 1537 66 1571; x_wconf 91' lang='grc' dir='ltr'>Ρ</span> <span class='ocrx_word' id='word_1_177' title='bbox 90 1537 109 1572; x_wconf 96' lang='grc' dir='ltr'>Ι</span> <span class='ocrx_word' id='word_1_178' title='bbox 132 1537 200 1574; x_wconf 85' lang='lat'>646</span> <span class='ocrx_word' id='word_1_179' title='bbox 229 1531 270 1573; x_wconf 73' lang='grc' dir='ltr'>δ’</span> <span class='ocrx_word' id='word_1_180' title='bbox 297 1532 596 1587; x_wconf 71' lang='grc' dir='ltr'><strong><em>ἐπιχειροῦντας</em></strong></span> <span class='ocrx_word' id='word_1_181' title='bbox 617 1531 704 1584; x_wconf 83' lang='grc' dir='ltr'><strong><em>με’ν,</em></strong></span> <span class='ocrx_word' id='word_1_182' title='bbox 739 1530 798 1583; x_wconf 85' lang='grc' dir='ltr'><strong><em>μὴ</em></strong></span> <span class='ocrx_word' id='word_1_183' title='bbox 834 1531 1082 1583; x_wconf 75' lang='grc' dir='ltr'><strong><em>δυναμένους</em></strong></span> <span class='ocrx_word' id='word_1_184' title='bbox 1115 1532 1157 1572; x_wconf 79' lang='grc' dir='ltr'>δ’</span> <span class='ocrx_word' id='word_1_185' title='bbox 1192 1532 1446 1583; x_wconf 76' lang='grc' dir='ltr'><strong><em>ἀκέσασθαι,</em></strong></span> <span class='ocrx_word' id='word_1_186' title='bbox 1479 1533 1764 1576; x_wconf 73' lang='grc' dir='ltr'><strong><em>κτείνεσθαι20</em></strong></span> 
     </span>
     <span class='ocr_line' id='line_1_22' title="bbox 228 1594 1707 1656; baseline 0.001 -14"><span class='ocrx_word' id='word_1_187' title='bbox 228 1600 507 1654; x_wconf 80' lang='grc' dir='ltr'><strong><em>ἀπηνέστατα,</em></strong></span> <span class='ocrx_word' id='word_1_188' title='bbox 541 1597 602 1641; x_wconf 79' lang='grc' dir='ltr'>ὅτι</span> <span class='ocrx_word' id='word_1_189' title='bbox 626 1599 684 1653; x_wconf 84' lang='grc' dir='ltr'><strong><em>μὴ</em></strong></span> <span class='ocrx_word' id='word_1_190' title='bbox 708 1596 950 1654; x_wconf 84' lang='grc' dir='ltr'><strong><em>κατώρθουν</em></strong></span> <span class='ocrx_word' id='word_1_191' title='bbox 973 1597 1169 1642; x_wconf 73' lang='grc' dir='ltr'><strong><em>ἀδύνατα.</em></strong></span> <span class='ocrx_word' id='word_1_192' title='bbox 1230 1599 1309 1654; x_wconf 78' lang='grc' dir='ltr'>ὀψὲ</span> <span class='ocrx_word' id='word_1_193' title='bbox 1335 1600 1379 1643; x_wconf 78' lang='grc' dir='ltr'>δ’</span> <span class='ocrx_word' id='word_1_194' title='bbox 1405 1594 1477 1643; x_wconf 73' lang='grc' dir='ltr'>οὖν</span> <span class='ocrx_word' id='word_1_195' title='bbox 1498 1598 1707 1656; x_wconf 69' lang='grc' dir='ltr'><strong><em>ὑποτοπῆ-</em></strong></span> 
     </span>
    </p>
   </div>
   <div class='ocr_carea' id='block_1_3' title="bbox 10 218 208 302">
    <p class='ocr_par' dir='ltr' id='par_1_3' title="bbox 10 218 208 302">
     <span class='ocr_line' id='line_1_23' title="bbox 10 218 208 302; baseline 0.01 -2"><span class='ocrx_word' id='word_1_196' title='bbox 10 265 56 300; x_wconf 84' lang='lat' dir='ltr'>W</span> <span class='ocrx_word' id='word_1_197' title='bbox 78 263 116 300; x_wconf 84' lang='lat'>11</span> <span class='ocrx_word' id='word_1_198' title='bbox 138 218 208 302; x_wconf 57' lang='lat'>2497</span> 
     </span>
    </p>
   </div>
   <div class='ocr_carea' id='block_1_4' title="bbox 316 1705 1709 1982">
    <p class='ocr_par' dir='ltr' id='par_1_4' title="bbox 316 1705 1709 1982">
     <span class='ocr_line' id='line_1_24' title="bbox 320 1705 1706 1753; baseline 0.001 -11"><span class='ocrx_word' id='word_1_199' title='bbox 320 1709 340 1742; x_wconf 89' lang='lat'>1</span> <span class='ocrx_word' id='word_1_200' title='bbox 351 1705 562 1749; x_wconf 82' lang='grc' dir='ltr'><strong><em>Μαξιμῖνος</em></strong></span> <span class='ocrx_word' id='word_1_201' title='bbox 579 1706 663 1750; x_wconf 88' lang='lat' dir='ltr'>etc.]</span> <span class='ocrx_word' id='word_1_202' title='bbox 675 1706 762 1740; x_wconf 86' lang='lat' dir='ltr'>haec</span> <span class='ocrx_word' id='word_1_203' title='bbox 779 1706 870 1749; x_wconf 88' lang='lat' dir='ltr'>apud</span> <span class='ocrx_word' id='word_1_204' title='bbox 880 1706 1387 1752; x_wconf 71' lang='lat' dir='ltr'>Eusebium,&#39;Zosimum,aIIoS,</span> <span class='ocrx_word' id='word_1_205' title='bbox 1403 1707 1532 1753; x_wconf 86' lang='lat' dir='ltr'>partim</span> <span class='ocrx_word' id='word_1_206' title='bbox 1544 1707 1589 1743; x_wconf 84' lang='lat' dir='ltr'>ad</span> <span class='ocrx_word' id='word_1_207' title='bbox 1598 1708 1706 1743; x_wconf 82' lang='lat' dir='ltr'>Gale—</span> 
     </span>
     <span class='ocr_line' id='line_1_25' title="bbox 319 1749 1709 1798; baseline 0.001 -11"><span class='ocrx_word' id='word_1_208' title='bbox 319 1753 410 1787; x_wconf 88' lang='lat' dir='ltr'>rium</span> <span class='ocrx_word' id='word_1_209' title='bbox 428 1752 686 1797; x_wconf 82' lang='lat' dir='ltr'>Maximianum,</span> <span class='ocrx_word' id='word_1_210' title='bbox 709 1752 838 1798; x_wconf 85' lang='lat' dir='ltr'>partim</span> <span class='ocrx_word' id='word_1_211' title='bbox 854 1753 899 1786; x_wconf 85' lang='lat' dir='ltr'>ad</span> <span class='ocrx_word' id='word_1_212' title='bbox 914 1752 1140 1787; x_wconf 80' lang='lat' dir='ltr'>Maximinum</span> <span class='ocrx_word' id='word_1_213' title='bbox 1155 1753 1369 1790; x_wconf 80' lang='lat' dir='ltr'>referuntur.</span> <span class='ocrx_word' id='word_1_214' title='bbox 1494 1753 1518 1788; x_wconf 85' lang='lat'>4</span> <span class='ocrx_word' id='word_1_215' title='bbox 1533 1749 1576 1788; x_wconf 72' lang='grc' dir='ltr'>δὲ</span> <span class='ocrx_word' id='word_1_216' title='bbox 1591 1765 1646 1789; x_wconf 88' lang='lat' dir='ltr'>om</span> <span class='ocrx_word' id='word_1_217' title='bbox 1662 1755 1709 1797; x_wconf 67' lang='lat' dir='ltr'>B.</span> 
     </span>
     <span class='ocr_line' id='line_1_26' title="bbox 321 1796 1705 1845; baseline 0.002 -13"><span class='ocrx_word' id='word_1_218' title='bbox 321 1800 342 1832; x_wconf 75' lang='grc' dir='ltr'>ὃ</span> <span class='ocrx_word' id='word_1_219' title='bbox 367 1798 431 1832; x_wconf 79' lang='grc' dir='ltr'>ἵνα</span> <span class='ocrx_word' id='word_1_220' title='bbox 454 1797 558 1844; x_wconf 84' lang='grc' dir='ltr'><strong><em>μείνῃ</em></strong></span> <span class='ocrx_word' id='word_1_221' title='bbox 583 1799 627 1833; x_wconf 91' lang='grc' dir='ltr'>Α.</span> <span class='ocrx_word' id='word_1_222' title='bbox 775 1797 797 1832; x_wconf 88' lang='grc'>9</span> <span class='ocrx_word' id='word_1_223' title='bbox 820 1798 976 1832; x_wconf 81' lang='grc' dir='ltr'><strong><em>λικινίου</em></strong></span> <span class='ocrx_word' id='word_1_224' title='bbox 1001 1798 1043 1832; x_wconf 85' lang='grc' dir='ltr'>Β.</span> <span class='ocrx_word' id='word_1_225' title='bbox 1090 1801 1100 1812; x_wconf 87' lang='grc'><em>“</em></span> <span class='ocrx_word' id='word_1_226' title='bbox 1187 1799 1232 1834; x_wconf 84' lang='grc'>13</span> <span class='ocrx_word' id='word_1_227' title='bbox 1252 1796 1319 1833; x_wconf 81' lang='grc' dir='ltr'>τὸν</span> <span class='ocrx_word' id='word_1_228' title='bbox 1339 1798 1538 1844; x_wconf 79' lang='grc' dir='ltr'><strong><em>μαξιμΐνον</em></strong></span> <span class='ocrx_word' id='word_1_229' title='bbox 1560 1796 1705 1845; x_wconf 71' lang='grc' dir='ltr'><strong><em>ἱστόρη-</em></strong></span> 
     </span>
     <span class='ocr_line' id='line_1_27' title="bbox 317 1839 1706 1890; baseline 0.002 -12"><span class='ocrx_word' id='word_1_230' title='bbox 317 1855 388 1879; x_wconf 84' lang='grc' dir='ltr'>σαν</span> <span class='ocrx_word' id='word_1_231' title='bbox 412 1845 454 1878; x_wconf 88' lang='grc' dir='ltr'>Α.</span> <span class='ocrx_word' id='word_1_232' title='bbox 550 1844 594 1878; x_wconf 83' lang='lat'>14</span> <span class='ocrx_word' id='word_1_233' title='bbox 618 1841 657 1878; x_wconf 85' lang='grc' dir='ltr'><strong><em>οἷ</em></strong></span> <span class='ocrx_word' id='word_1_234' title='bbox 679 1839 722 1877; x_wconf 75' lang='grc' dir='ltr'>δὲ</span> <span class='ocrx_word' id='word_1_235' title='bbox 747 1863 794 1869; x_wconf 76' lang='lat'>—</span> <span class='ocrx_word' id='word_1_236' title='bbox 818 1856 853 1889; x_wconf 91' lang='lat' dir='ltr'>p.</span> <span class='ocrx_word' id='word_1_237' title='bbox 878 1845 946 1880; x_wconf 81' lang='lat'>625</span> <span class='ocrx_word' id='word_1_238' title='bbox 971 1856 1006 1877; x_wconf 84' lang='lat' dir='ltr'>v.</span> <span class='ocrx_word' id='word_1_239' title='bbox 1031 1843 1054 1878; x_wconf 80' lang='lat'>4</span> <span class='ocrx_word' id='word_1_240' title='bbox 1075 1841 1170 1888; x_wconf 74' lang='grc' dir='ltr'><strong><em>ὑπὲρ</em></strong></span> <span class='ocrx_word' id='word_1_241' title='bbox 1194 1841 1327 1890; x_wconf 71' lang='grc' dir='ltr'><strong><em>αὐτοῦ]</em></strong></span> <span class='ocrx_word' id='word_1_242' title='bbox 1354 1846 1476 1880; x_wconf 83' lang='lat' dir='ltr'>eadem</span> <span class='ocrx_word' id='word_1_243' title='bbox 1498 1845 1576 1881; x_wconf 85' lang='lat' dir='ltr'>fere</span> <span class='ocrx_word' id='word_1_244' title='bbox 1597 1847 1706 1881; x_wconf 87' lang='lat' dir='ltr'>habet</span> 
     </span>
     <span class='ocr_line' id='line_1_28' title="bbox 316 1889 1704 1936; baseline 0.002 -12"><span class='ocrx_word' id='word_1_245' title='bbox 316 1890 493 1925; x_wconf 85' lang='lat' dir='ltr'>Eusebius</span> <span class='ocrx_word' id='word_1_246' title='bbox 517 1891 611 1924; x_wconf 89' lang='lat' dir='ltr'>Hist.</span> <span class='ocrx_word' id='word_1_247' title='bbox 637 1890 765 1924; x_wconf 89' lang='lat' dir='ltr'>eccles.</span> <span class='ocrx_word' id='word_1_248' title='bbox 789 1890 849 1925; x_wconf 92' lang='lat' dir='ltr'>lib.</span> <span class='ocrx_word' id='word_1_249' title='bbox 875 1890 898 1923; x_wconf 85' lang='grc'>8</span> <span class='ocrx_word' id='word_1_250' title='bbox 925 1903 957 1924; x_wconf 90' lang='lat' dir='ltr'>c.</span> <span class='ocrx_word' id='word_1_251' title='bbox 983 1891 1027 1925; x_wconf 87' lang='grc'>16</span> <span class='ocrx_word' id='word_1_252' title='bbox 1052 1890 1110 1928; x_wconf 82' lang='grc'>17.</span> <span class='ocrx_word' id='word_1_253' title='bbox 1216 1892 1261 1926; x_wconf 71' lang='lat'>14</span> <span class='ocrx_word' id='word_1_254' title='bbox 1283 1889 1488 1935; x_wconf 77' lang='grc' dir='ltr'><strong><em>ἐκμανέντα</em></strong></span> <span class='ocrx_word' id='word_1_255' title='bbox 1509 1893 1704 1936; x_wconf 75' lang='grc' dir='ltr'><strong><em>μετελθεῖν</em></strong></span> 
     </span>
     <span class='ocr_line' id='line_1_29' title="bbox 317 1932 1588 1982; baseline 0 -11"><span class='ocrx_word' id='word_1_256' title='bbox 317 1933 434 1971; x_wconf 81' lang='grc' dir='ltr'><strong><em>αὐτὸν</em></strong></span> <span class='ocrx_word' id='word_1_257' title='bbox 457 1932 526 1980; x_wconf 84' lang='grc' dir='ltr'>τὴν</span> <span class='ocrx_word' id='word_1_258' title='bbox 549 1936 664 1970; x_wconf 77' lang='grc' dir='ltr'><strong><em>θείαν</em></strong></span> <span class='ocrx_word' id='word_1_259' title='bbox 687 1934 997 1980; x_wconf 78' lang='grc' dir='ltr'><strong><em>παραδεδώκασιν</em></strong></span> <span class='ocrx_word' id='word_1_260' title='bbox 1020 1936 1129 1982; x_wconf 82' lang='grc' dir='ltr'><strong><em>δίκην</em></strong></span> <span class='ocrx_word' id='word_1_261' title='bbox 1153 1937 1194 1972; x_wconf 89' lang='grc' dir='ltr'>Α.</span> <span class='ocrx_word' id='word_1_262' title='bbox 1337 1937 1378 1971; x_wconf 89' lang='grc'>18</span> <span class='ocrx_word' id='word_1_263' title='bbox 1402 1933 1445 1970; x_wconf 75' lang='grc' dir='ltr'>δὲ</span> <span class='ocrx_word' id='word_1_264' title='bbox 1469 1948 1524 1973; x_wconf 88' lang='lat' dir='ltr'>om</span> <span class='ocrx_word' id='word_1_265' title='bbox 1545 1940 1588 1972; x_wconf 85' lang='lat' dir='ltr'>A.</span> 
     </span>
    </p>
   </div>
   <div class='ocr_carea' id='block_1_5' title="bbox 364 2003 903 2049">
    <p class='ocr_par' dir='ltr' id='par_1_5' title="bbox 364 2003 903 2049">
     <span class='ocr_line' id='line_1_30' title="bbox 364 2003 903 2049; baseline -0.002 -11"><span class='ocrx_word' id='word_1_266' title='bbox 364 2005 520 2038; x_wconf 73' lang='lat' dir='ltr'>Fom&#39;sss</span> <span class='ocrx_word' id='word_1_267' title='bbox 546 2003 673 2049; x_wconf 81' lang='lat' dir='ltr'>capitis</span> <span class='ocrx_word' id='word_1_268' title='bbox 694 2003 741 2040; x_wconf 78' lang='lat'>34</span> <span class='ocrx_word' id='word_1_269' title='bbox 764 2004 903 2041; x_wconf 80' lang='lat' dir='ltr'>incerti.</span> 
     </span>
    </p>
   </div>
   <div class='ocr_carea' id='block_1_6' title="bbox 219 2095 1703 2832">
    <p class='ocr_par' dir='ltr' id='par_1_6' title="bbox 221 2095 1703 2464">
     <span class='ocr_line' id='line_1_31' title="bbox 224 2095 1702 2143; baseline 0.001 -12"><span class='ocrx_word' id='word_1_270' title='bbox 224 2097 357 2142; x_wconf 88' lang='lat' dir='ltr'>potitus</span> <span class='ocrx_word' id='word_1_271' title='bbox 379 2100 456 2131; x_wconf 87' lang='lat' dir='ltr'>est:</span> <span class='ocrx_word' id='word_1_272' title='bbox 490 2096 572 2140; x_wconf 71' lang='lat'><strong>(34)</strong></span> <span class='ocrx_word' id='word_1_273' title='bbox 598 2096 808 2130; x_wconf 81' lang='lat' dir='ltr'>Maximinus</span> <span class='ocrx_word' id='word_1_274' title='bbox 842 2107 927 2130; x_wconf 88' lang='lat' dir='ltr'>vero</span> <span class='ocrx_word' id='word_1_275' title='bbox 954 2095 1128 2131; x_wconf 89' lang='lat' dir='ltr'>Licinium</span> <span class='ocrx_word' id='word_1_276' title='bbox 1162 2097 1306 2132; x_wconf 86' lang='lat' dir='ltr'>natione</span> <span class='ocrx_word' id='word_1_277' title='bbox 1337 2097 1489 2142; x_wconf 85' lang='lat' dir='ltr'>Dacum,</span> <span class='ocrx_word' id='word_1_278' title='bbox 1524 2098 1584 2143; x_wconf 90' lang='lat' dir='ltr'>qui</span> <span class='ocrx_word' id='word_1_279' title='bbox 1609 2097 1702 2132; x_wconf 81' lang='lat' dir='ltr'>Con-</span> 
     </span>
     <span class='ocr_line' id='line_1_32' title="bbox 224 2142 1702 2189; baseline 0.001 -12"><span class='ocrx_word' id='word_1_280' title='bbox 224 2143 370 2178; x_wconf 85' lang='lat' dir='ltr'>stantini</span> <span class='ocrx_word' id='word_1_281' title='bbox 395 2143 509 2187; x_wconf 84' lang='lat' dir='ltr'>magni</span> <span class='ocrx_word' id='word_1_282' title='bbox 532 2154 688 2177; x_wconf 88' lang='lat' dir='ltr'>sororem</span> <span class='ocrx_word' id='word_1_283' title='bbox 714 2142 751 2176; x_wconf 88' lang='lat' dir='ltr'>in</span> <span class='ocrx_word' id='word_1_284' title='bbox 775 2142 991 2176; x_wconf 85' lang='lat' dir='ltr'>matrimonio</span> <span class='ocrx_word' id='word_1_285' title='bbox 1017 2143 1186 2187; x_wconf 87' lang='lat' dir='ltr'>habebat,</span> <span class='ocrx_word' id='word_1_286' title='bbox 1217 2143 1355 2189; x_wconf 87' lang='lat' dir='ltr'>imperii</span> <span class='ocrx_word' id='word_1_287' title='bbox 1387 2145 1555 2189; x_wconf 80' lang='lat' dir='ltr'>collegam</span> <span class='ocrx_word' id='word_1_288' title='bbox 1590 2145 1702 2178; x_wconf 82' lang='lat' dir='ltr'>adsci-</span> 
     </span>
     <span class='ocr_line' id='line_1_33' title="bbox 223 2188 1703 2245; baseline 0.001 -22"><span class='ocrx_word' id='word_1_289' title='bbox 223 2195 296 2223; x_wconf 91' lang='lat' dir='ltr'>tum</span> <span class='ocrx_word' id='word_1_290' title='bbox 319 2190 353 2223; x_wconf 92' lang='lat' dir='ltr'>in</span> <span class='ocrx_word' id='word_1_291' title='bbox 376 2189 519 2232; x_wconf 88' lang='lat' dir='ltr'>Illyrico</span> <span class='ocrx_word' id='word_1_292' title='bbox 543 2189 701 2234; x_wconf 87' lang='lat' dir='ltr'>reliquit,</span> <span class='ocrx_word' id='word_1_293' title='bbox 726 2194 766 2222; x_wconf 84' lang='lat' dir='ltr'>ut</span> <span class='ocrx_word' id='word_1_294' title='bbox 789 2189 1002 2233; x_wconf 83' lang='lat' dir='ltr'>Thracibus,</span> <span class='ocrx_word' id='word_1_295' title='bbox 1028 2188 1089 2233; x_wconf 87' lang='lat' dir='ltr'>qui</span> <span class='ocrx_word' id='word_1_296' title='bbox 1112 2201 1133 2223; x_wconf 89' lang='lat' dir='ltr'>a</span> <span class='ocrx_word' id='word_1_297' title='bbox 1156 2189 1318 2224; x_wconf 85' lang='lat' dir='ltr'>barbaris</span> <span class='ocrx_word' id='word_1_298' title='bbox 1341 2190 1578 2234; x_wconf 82' lang='lat' dir='ltr'>vexabantur,</span> <span class='ocrx_word' id='word_1_299' title='bbox 1603 2201 1703 2245; x_wconf 66' lang='lat' dir='ltr'>opem</span> 
     </span>
     <span class='ocr_line' id='line_1_34' title="bbox 222 2235 1703 2281; baseline 0.001 -12"><span class='ocrx_word' id='word_1_300' title='bbox 222 2238 352 2270; x_wconf 83' lang='lat' dir='ltr'>ferret:</span> <span class='ocrx_word' id='word_1_301' title='bbox 381 2236 459 2279; x_wconf 89' lang='lat' dir='ltr'>ipse</span> <span class='ocrx_word' id='word_1_302' title='bbox 483 2235 625 2268; x_wconf 86' lang='lat' dir='ltr'>Romam</span> <span class='ocrx_word' id='word_1_303' title='bbox 660 2235 843 2279; x_wconf 85' lang='lat' dir='ltr'>profectus</span> <span class='ocrx_word' id='word_1_304' title='bbox 876 2240 929 2269; x_wconf 88' lang='lat' dir='ltr'>est</span> <span class='ocrx_word' id='word_1_305' title='bbox 960 2240 999 2269; x_wconf 90' lang='lat' dir='ltr'>ut</span> <span class='ocrx_word' id='word_1_306' title='bbox 1031 2247 1107 2269; x_wconf 93' lang='lat' dir='ltr'>cum</span> <span class='ocrx_word' id='word_1_307' title='bbox 1130 2236 1312 2270; x_wconf 83' lang='lat' dir='ltr'>Maxentio</span> <span class='ocrx_word' id='word_1_308' title='bbox 1345 2239 1530 2281; x_wconf 81' lang='lat' dir='ltr'>pugnaret.</span> <span class='ocrx_word' id='word_1_309' title='bbox 1576 2235 1703 2270; x_wconf 81' lang='lat' dir='ltr'>demde</span> 
     </span>
     <span class='ocr_line' id='line_1_35' title="bbox 224 2280 1702 2325; baseline 0.001 -10"><span class='ocrx_word' id='word_1_310' title='bbox 224 2294 298 2315; x_wconf 89' lang='lat' dir='ltr'>cum</span> <span class='ocrx_word' id='word_1_311' title='bbox 323 2282 396 2316; x_wconf 88' lang='lat' dir='ltr'>suis</span> <span class='ocrx_word' id='word_1_312' title='bbox 420 2281 589 2315; x_wconf 84' lang='lat' dir='ltr'>militibus</span> <span class='ocrx_word' id='word_1_313' title='bbox 616 2280 815 2324; x_wconf 82' lang='lat' dir='ltr'>diffideret,</span> <span class='ocrx_word' id='word_1_314' title='bbox 845 2285 1005 2314; x_wconf 87' lang='lat' dir='ltr'>metuens</span> <span class='ocrx_word' id='word_1_315' title='bbox 1036 2293 1080 2315; x_wconf 90' lang='lat' dir='ltr'>ne</span> <span class='ocrx_word' id='word_1_316' title='bbox 1104 2281 1147 2314; x_wconf 82' lang='lat' dir='ltr'>ad</span> <span class='ocrx_word' id='word_1_317' title='bbox 1172 2283 1306 2316; x_wconf 86' lang='lat' dir='ltr'>hostem</span> <span class='ocrx_word' id='word_1_318' title='bbox 1330 2282 1541 2325; x_wconf 81' lang='lat' dir='ltr'>transirent,</span> <span class='ocrx_word' id='word_1_319' title='bbox 1576 2282 1702 2316; x_wconf 85' lang='lat' dir='ltr'>omisso</span> 
     </span>
     <span class='ocr_line' id='line_1_36' title="bbox 222 2326 1701 2372; baseline 0 -10"><span class='ocrx_word' id='word_1_320' title='bbox 222 2328 312 2362; x_wconf 89' lang='lat' dir='ltr'>bello</span> <span class='ocrx_word' id='word_1_321' title='bbox 336 2327 497 2361; x_wconf 86' lang='lat' dir='ltr'>recessit.</span> <span class='ocrx_word' id='word_1_322' title='bbox 546 2338 587 2360; x_wconf 86' lang='lat' dir='ltr'>ac</span> <span class='ocrx_word' id='word_1_323' title='bbox 609 2326 805 2370; x_wconf 89' lang='lat' dir='ltr'>Licinium,</span> <span class='ocrx_word' id='word_1_324' title='bbox 842 2326 923 2370; x_wconf 82' lang='lat' dir='ltr'>quia</span> <span class='ocrx_word' id='word_1_325' title='bbox 955 2327 1129 2372; x_wconf 72' lang='lat' dir='ltr'>collegam⁴</span> <span class='ocrx_word' id='word_1_326' title='bbox 1150 2339 1227 2362; x_wconf 87' lang='lat' dir='ltr'>eum</span> <span class='ocrx_word' id='word_1_327' title='bbox 1252 2327 1442 2363; x_wconf 79' lang='lat' dir='ltr'>adscivisse</span> <span class='ocrx_word' id='word_1_328' title='bbox 1467 2327 1701 2372; x_wconf 84' lang='lat' dir='ltr'>paenituerat,</span> 
     </span>
     <span class='ocr_line' id='line_1_37' title="bbox 222 2372 1702 2419; baseline 0 -12"><span class='ocrx_word' id='word_1_329' title='bbox 222 2374 365 2419; x_wconf 89' lang='lat' dir='ltr'>primum</span> <span class='ocrx_word' id='word_1_330' title='bbox 391 2374 476 2407; x_wconf 89' lang='lat' dir='ltr'>clam</span> <span class='ocrx_word' id='word_1_331' title='bbox 501 2384 564 2417; x_wconf 89' lang='lat' dir='ltr'>per</span> <span class='ocrx_word' id='word_1_332' title='bbox 587 2372 746 2417; x_wconf 84' lang='lat' dir='ltr'>insidias,</span> <span class='ocrx_word' id='word_1_333' title='bbox 769 2372 893 2406; x_wconf 90' lang='lat' dir='ltr'>deinde</span> <span class='ocrx_word' id='word_1_334' title='bbox 915 2379 1039 2418; x_wconf 84' lang='lat' dir='ltr'>aperto</span> <span class='ocrx_word' id='word_1_335' title='bbox 1064 2373 1177 2407; x_wconf 85' lang='lat' dir='ltr'>Marte</span> <span class='ocrx_word' id='word_1_336' title='bbox 1201 2375 1365 2418; x_wconf 86' lang='lat' dir='ltr'>adortus,</span> <span class='ocrx_word' id='word_1_337' title='bbox 1389 2373 1425 2407; x_wconf 90' lang='lat' dir='ltr'>in</span> <span class='ocrx_word' id='word_1_338' title='bbox 1449 2373 1566 2418; x_wconf 84' lang='lat' dir='ltr'>fugam</span> <span class='ocrx_word' id='word_1_339' title='bbox 1589 2374 1702 2409; x_wconf 82' lang='lat' dir='ltr'>verti-</span> 
     </span>
     <span class='ocr_line' id='line_1_38' title="bbox 221 2419 825 2464; baseline -0.003 -11"><span class='ocrx_word' id='word_1_340' title='bbox 221 2428 292 2463; x_wconf 85' lang='lat' dir='ltr'>tur,</span> <span class='ocrx_word' id='word_1_341' title='bbox 323 2419 359 2453; x_wconf 91' lang='lat' dir='ltr'>in</span> <span class='ocrx_word' id='word_1_342' title='bbox 383 2430 452 2464; x_wconf 88' lang='lat' dir='ltr'>qua</span> <span class='ocrx_word' id='word_1_343' title='bbox 476 2430 514 2452; x_wconf 85' lang='lat' dir='ltr'>se</span> <span class='ocrx_word' id='word_1_344' title='bbox 538 2419 616 2464; x_wconf 85' lang='lat' dir='ltr'>ipse</span> <span class='ocrx_word' id='word_1_345' title='bbox 638 2419 825 2452; x_wconf 79' lang='lat' dir='ltr'>interemit.</span> 
     </span>
    </p>

    <p class='ocr_par' dir='ltr' id='par_1_7' title="bbox 219 2463 1699 2832">
     <span class='ocr_line' id='line_1_39' title="bbox 359 2463 1698 2509; baseline 0.001 -11"><span class='ocrx_word' id='word_1_346' title='bbox 359 2466 436 2498; x_wconf 91' lang='lat' dir='ltr'>Hoc</span> <span class='ocrx_word' id='word_1_347' title='bbox 458 2465 560 2499; x_wconf 90' lang='lat' dir='ltr'>modo</span> <span class='ocrx_word' id='word_1_348' title='bbox 579 2465 800 2498; x_wconf 85' lang='lat' dir='ltr'>Maximinum</span> <span class='ocrx_word' id='word_1_349' title='bbox 827 2463 973 2507; x_wconf 85' lang='lat' dir='ltr'>periisse</span> <span class='ocrx_word' id='word_1_350' title='bbox 995 2465 1133 2508; x_wconf 88' lang='lat' dir='ltr'>quidam</span> <span class='ocrx_word' id='word_1_351' title='bbox 1157 2465 1317 2500; x_wconf 85' lang='lat' dir='ltr'>tradunt:</span> <span class='ocrx_word' id='word_1_352' title='bbox 1342 2464 1397 2498; x_wconf 88' lang='lat' dir='ltr'>alii</span> <span class='ocrx_word' id='word_1_353' title='bbox 1421 2469 1582 2499; x_wconf 82' lang='lat' dir='ltr'>auctores</span> <span class='ocrx_word' id='word_1_354' title='bbox 1605 2468 1698 2509; x_wconf 83' lang='lat' dir='ltr'>sunt,</span> 
     </span>
     <span class='ocr_line' id='line_1_40' title="bbox 221 2510 1699 2556; baseline 0 -12"><span class='ocrx_word' id='word_1_355' title='bbox 221 2522 297 2544; x_wconf 89' lang='lat' dir='ltr'>eum</span> <span class='ocrx_word' id='word_1_356' title='bbox 329 2511 449 2544; x_wconf 87' lang='lat' dir='ltr'>furore</span> <span class='ocrx_word' id='word_1_357' title='bbox 481 2511 627 2556; x_wconf 90' lang='lat' dir='ltr'>quodam</span> <span class='ocrx_word' id='word_1_358' title='bbox 662 2517 784 2544; x_wconf 84' lang='lat' dir='ltr'>contra</span> <span class='ocrx_word' id='word_1_359' title='bbox 820 2510 1042 2544; x_wconf 73' lang='lat' dir='ltr'>Christianos</span> <span class='ocrx_word' id='word_1_360' title='bbox 1083 2516 1302 2554; x_wconf 83' lang='lat' dir='ltr'>grassantem</span> <span class='ocrx_word' id='word_1_361' title='bbox 1341 2510 1486 2545; x_wconf 89' lang='lat' dir='ltr'>divinae</span> <span class='ocrx_word' id='word_1_362' title='bbox 1519 2511 1699 2545; x_wconf 84' lang='lat' dir='ltr'>vindictae</span> 
     </span>
     <span class='ocr_line' id='line_1_41' title="bbox 220 2556 1697 2602; baseline 0 -12"><span class='ocrx_word' id='word_1_363' title='bbox 220 2568 351 2601; x_wconf 90' lang='lat' dir='ltr'>poenas</span> <span class='ocrx_word' id='word_1_364' title='bbox 375 2557 534 2598; x_wconf 85' lang='lat' dir='ltr'>dedisse,</span> <span class='ocrx_word' id='word_1_365' title='bbox 560 2558 677 2591; x_wconf 88' lang='lat' dir='ltr'>ulcere</span> <span class='ocrx_word' id='word_1_366' title='bbox 700 2557 906 2601; x_wconf 84' lang='lat' dir='ltr'>gravissimo</span> <span class='ocrx_word' id='word_1_367' title='bbox 931 2556 1021 2590; x_wconf 81' lang='lat' dir='ltr'>circa</span> <span class='ocrx_word' id='word_1_368' title='bbox 1046 2558 1218 2591; x_wconf 87' lang='lat' dir='ltr'>bubonem</span> <span class='ocrx_word' id='word_1_369' title='bbox 1243 2562 1279 2590; x_wconf 85' lang='lat' dir='ltr'>et</span> <span class='ocrx_word' id='word_1_370' title='bbox 1300 2557 1463 2602; x_wconf 82' lang='lat' dir='ltr'>pudenda</span> <span class='ocrx_word' id='word_1_371' title='bbox 1487 2562 1576 2602; x_wconf 88' lang='lat' dir='ltr'>orto,</span> <span class='ocrx_word' id='word_1_372' title='bbox 1605 2557 1697 2602; x_wconf 85' lang='lat' dir='ltr'>quod</span> 
     </span>
     <span class='ocr_line' id='line_1_42' title="bbox 219 2602 1696 2647; baseline 0.001 -12"><span class='ocrx_word' id='word_1_373' title='bbox 219 2603 448 2636; x_wconf 86' lang='lat' dir='ltr'>instrumenta</span> <span class='ocrx_word' id='word_1_374' title='bbox 472 2602 624 2636; x_wconf 83' lang='lat' dir='ltr'>libidinis</span> <span class='ocrx_word' id='word_1_375' title='bbox 649 2603 723 2636; x_wconf 86' lang='lat' dir='ltr'>eius</span> <span class='ocrx_word' id='word_1_376' title='bbox 748 2603 1023 2647; x_wconf 86' lang='lat' dir='ltr'>consumpserit:</span> <span class='ocrx_word' id='word_1_377' title='bbox 1059 2614 1136 2636; x_wconf 90' lang='lat' dir='ltr'>nam</span> <span class='ocrx_word' id='word_1_378' title='bbox 1167 2613 1210 2636; x_wconf 86' lang='lat' dir='ltr'>ex</span> <span class='ocrx_word' id='word_1_379' title='bbox 1242 2614 1284 2636; x_wconf 85' lang='lat' dir='ltr'>ea</span> <span class='ocrx_word' id='word_1_380' title='bbox 1308 2603 1570 2647; x_wconf 80' lang='lat' dir='ltr'>putrefactione</span> <span class='ocrx_word' id='word_1_381' title='bbox 1591 2602 1696 2637; x_wconf 84' lang='lat' dir='ltr'>etiam</span> 
     </span>
     <span class='ocr_line' id='line_1_43' title="bbox 220 2647 1698 2693; baseline 0 -12"><span class='ocrx_word' id='word_1_382' title='bbox 220 2659 356 2681; x_wconf 89' lang='lat' dir='ltr'>vermes</span> <span class='ocrx_word' id='word_1_383' title='bbox 386 2648 566 2693; x_wconf 87' lang='lat' dir='ltr'>erupisse,</span> <span class='ocrx_word' id='word_1_384' title='bbox 604 2653 640 2682; x_wconf 90' lang='lat' dir='ltr'>et</span> <span class='ocrx_word' id='word_1_385' title='bbox 674 2649 797 2682; x_wconf 90' lang='lat' dir='ltr'>malum</span> <span class='ocrx_word' id='word_1_386' title='bbox 831 2649 940 2682; x_wconf 86' lang='lat' dir='ltr'>fuisse</span> <span class='ocrx_word' id='word_1_387' title='bbox 974 2647 1235 2682; x_wconf 84' lang='lat' dir='ltr'>immedicabile.</span> <span class='ocrx_word' id='word_1_388' title='bbox 1285 2649 1435 2683; x_wconf 88' lang='lat' dir='ltr'>medicos</span> <span class='ocrx_word' id='word_1_389' title='bbox 1467 2654 1601 2691; x_wconf 86' lang='lat' dir='ltr'>autem,</span> <span class='ocrx_word' id='word_1_390' title='bbox 1623 2648 1698 2692; x_wconf 72' lang='lat' dir='ltr'>vqui</span> 
     </span>
     <span class='ocr_line' id='line_1_44' title="bbox 220 2694 1697 2738; baseline 0.001 -12"><span class='ocrx_word' id='word_1_391' title='bbox 220 2699 381 2727; x_wconf 83' lang='lat' dir='ltr'>conatum</span> <span class='ocrx_word' id='word_1_392' title='bbox 405 2695 586 2728; x_wconf 85' lang='lat' dir='ltr'>faciendae</span> <span class='ocrx_word' id='word_1_393' title='bbox 609 2694 801 2728; x_wconf 85' lang='lat' dir='ltr'>medicinae</span> <span class='ocrx_word' id='word_1_394' title='bbox 825 2694 942 2728; x_wconf 88' lang='lat' dir='ltr'>statim</span> <span class='ocrx_word' id='word_1_395' title='bbox 968 2694 1157 2735; x_wconf 83' lang='lat' dir='ltr'>vetuerint,</span> <span class='ocrx_word' id='word_1_396' title='bbox 1183 2694 1377 2728; x_wconf 86' lang='lat' dir='ltr'>crudeliter</span> <span class='ocrx_word' id='word_1_397' title='bbox 1401 2705 1479 2728; x_wconf 89' lang='lat' dir='ltr'>esse</span> <span class='ocrx_word' id='word_1_398' title='bbox 1502 2695 1697 2738; x_wconf 71' lang='lat' dir='ltr'>iugulatosx</span> 
     </span>
     <span class='ocr_line' id='line_1_45' title="bbox 221 2739 1696 2786; baseline -0.001 -13"><span class='ocrx_word' id='word_1_399' title='bbox 221 2740 281 2784; x_wconf 91' lang='lat' dir='ltr'>qui</span> <span class='ocrx_word' id='word_1_400' title='bbox 313 2751 397 2773; x_wconf 87' lang='lat' dir='ltr'>vero</span> <span class='ocrx_word' id='word_1_401' title='bbox 435 2741 617 2774; x_wconf 86' lang='lat' dir='ltr'>curatione</span> <span class='ocrx_word' id='word_1_402' title='bbox 649 2746 812 2786; x_wconf 85' lang='lat' dir='ltr'>suscepta</span> <span class='ocrx_word' id='word_1_403' title='bbox 844 2740 930 2774; x_wconf 88' lang='lat' dir='ltr'>nihil</span> <span class='ocrx_word' id='word_1_404' title='bbox 960 2739 1194 2784; x_wconf 83' lang='lat' dir='ltr'>profecerint,</span> <span class='ocrx_word' id='word_1_405' title='bbox 1226 2739 1696 2783; x_wconf 18' lang='lat' dir='ltr'>immanissimevtrucidatos,</span> 
     </span>
     <span class='ocr_line' id='line_1_46' title="bbox 219 2785 1695 2832; baseline 0 -13"><span class='ocrx_word' id='word_1_406' title='bbox 219 2786 311 2830; x_wconf 87' lang='lat' dir='ltr'>quod</span> <span class='ocrx_word' id='word_1_407' title='bbox 347 2797 389 2819; x_wconf 86' lang='lat' dir='ltr'>ea</span> <span class='ocrx_word' id='word_1_408' title='bbox 421 2791 602 2831; x_wconf 85' lang='lat' dir='ltr'>praestare</span> <span class='ocrx_word' id='word_1_409' title='bbox 635 2798 701 2820; x_wconf 89' lang='lat' dir='ltr'>non</span> <span class='ocrx_word' id='word_1_410' title='bbox 727 2792 872 2831; x_wconf 82' lang='lat' dir='ltr'>possent</span> <span class='ocrx_word' id='word_1_411' title='bbox 894 2797 984 2830; x_wconf 88' lang='lat' dir='ltr'>quae</span> <span class='ocrx_word' id='word_1_412' title='bbox 1008 2785 1094 2820; x_wconf 84' lang='lat' dir='ltr'>artis</span> <span class='ocrx_word' id='word_1_413' title='bbox 1119 2785 1321 2820; x_wconf 82' lang='lat' dir='ltr'>facultatem</span> <span class='ocrx_word' id='word_1_414' title='bbox 1347 2790 1566 2832; x_wconf 85' lang='lat' dir='ltr'>superarent.</span> <span class='ocrx_word' id='word_1_415' title='bbox 1616 2796 1695 2819; x_wconf 80' lang='lat' dir='ltr'>sero</span> 
     </span>
    </p>
   </div>
   <div class='ocr_carea' id='block_1_7' title="bbox 1768 2091 1820 3120">
    <p class='ocr_par' dir='ltr' id='par_1_8' title="bbox 1768 2091 1820 3120">
     <span class='ocr_line' id='line_1_47' title="bbox 1768 2091 1820 3120; baseline 0 0"><span class='ocrx_word' id='word_1_416' title='bbox 1768 2091 1820 3120; x_wconf 95' lang='lat' dir='ltr'> </span> 
     </span>
    </p>
   </div>
  </div>
 </body>
</html>
