1820 3120
289 88 391 136 386
750 81 980 130 IOANNIS
1013 84 1276 131 ZONARAE

289 201 394 244 ἀλλὰ
427 201 493 243 καὶ
523 195 728 257 ἐφθόνησε
760 200 828 241 καὶ
859 203 932 254 τῆς
962 199 1091 256 ἀρχῆς
1123 199 1246 243 αὗτὸν
1274 197 1458 253 ἔπαυσεν,
1493 198 1617 252 αὐτὸς
1638 199 1683 243 δὲ
1703 203 1763 259 τῷ

233 281 263 314 C
280 266 471 326 Ἀντιόχῳ
495 268 720 325 προσέβαλε
742 269 810 311 καὶ
833 267 1080 311 κατέκλεισεν
1107 267 1230 312 αὖτὸν
1254 270 1308 320 εἷς
1330 266 1569 323 Σαμόσατα.
1637 266 1693 319 ὧς
1716 269 1759 311 δ’

287 338 404 381 οὐδὲν
436 336 531 391 ἤνυε
565 340 792 393 πολιορκῶν
815 335 950 388 αὐτόν,
986 334 1198 392 συνθήκας
1227 338 1414 380 σπονδῶν
1443 335 1659 393 ἐποιήσατο
1693 339 1760 380 καὶ

289 409 345 457 εἲς
365 405 439 460 τὴν
455 405 628 447 Ἰταλίαν
651 403 914 462 ἄφώρμησεν.

415 471 602 530 Ὀρώδης
623 474 758 527 μέντοι
782 471 803 514 ὁ
828 478 908 515 τῶν
930 470 1123 527 Πάρθων
1157 471 1350 526 βασιλεὺς
1376 470 1614 530 ὑπέργηρως
1642 488 1794 529 ssya-5

285 540 386 594 νῶς,
427 543 495 584 καὶ
526 546 585 599 τῷ
617 545 691 584 τοῦ
714 539 913 598 Πακόρου
947 541 1087 583 πένθει
1121 541 1194 596 τὴν
1223 541 1433 594 βασιλείαν
1466 539 1760 598 ἀπαγορεύσας,

288 608 463 668 Φραάτῃ
495 615 553 668 τῷ
586 610 845 667 πρεσβυτέρῳ
881 613 960 652 τῶν
994 612 1144 651 λοιπῶν
1176 609 1302 652 αὐτοῦ
1334 610 1491 652 παίδων
1524 609 1598 665 τὴν
1631 609 1762 664 ἀρχὴν

285 680 531 735 ἐνεχείρισεν.
598 676 619 719 ὅ
658 679 702 720 δὲ
738 676 1009 728 ἀνοσιώτατος
1049 677 1220 733 γεγονὼς
1259 676 1355 728 τοὺς
1393 677 1598 735 ἀδελφοὺς
1636 677 1763 721 αῧτοῦ

285 745 578 804 ἐδολοφόνησε,
614 748 681 788 καὶ
716 746 839 789 αὐτὸν
869 746 940 789 τὸν
972 747 1128 802 πατέρα
1163 748 1536 800 δυσανασχετοῦντα
1567 745 1624 789 δι’
1661 747 1762 789 ἐκεί-

284 833 379 866 νους
402 815 625 867 ἀπέκτεινε,
660 816 726 857 καὶ
749 819 830 858 τῶν
853 813 988 857 ἄλλων
1010 815 1106 865 τοὺς
1129 814 1319 872 ἀρίστους
1341 815 1585 872 διέφθειρεν.
1770 832 1791 868 1

415 881 625 933 Ἀντώνιος
652 884 695 925 δὲ
717 884 906 940 πρέσβεις
926 884 1000 937 μὲν
1023 883 1125 940 πρὸς
1147 883 1242 934 τοὺς
1263 881 1469 941 Πάρθους
1490 885 1579 941 περὶ
1603 880 1762 942 εἰρήνης

284 951 538 1009 ἓκπέπομφε,
574 951 677 1007 πρὸς
699 952 744 996 δὲ
766 950 941 1006 πόλεμον
963 950 1198 1006 ἡτοιμάζετο
1206 984 1218 1003 ,
1250 953 1321 994 ‘lm
1353 949 1652 1010 ἀπαρασκεύοις
1684 951 1761 994 αὗ-

282 1027 367 1071 τοΐς
399 1018 543 1076 ἐντύχῃ
577 1019 646 1062 διὰ
682 1020 755 1075 τὴν
790 1021 933 1063 ἐλπίδα
972 1025 1044 1074 τῆς
1080 1019 1334 1075 συμβάσεως.
1401 1022 1469 1064 καὶ
1504 1021 1656 1075 μαθὼν
1691 1019 1761 1063 τὸν

229 1093 262 1127 D
285 1090 442 1143 Μῆδον
474 1089 537 1131 ἐπὶ
567 1089 803 1143 συμμαχίαν
834 1093 906 1132 τοῦ
929 1087 1112 1146 Πάρθου
1142 1085 1410 1146 χωρήσαντα,
1444 1088 1497 1131 τὰ
1519 1089 1760 1146 μὲνισκευοτ

284 1155 395 1214 φόρα
429 1158 496 1199 καὶ
529 1157 633 1199 πολὺ
665 1162 738 1212 τῆς
761 1162 954 1215 στρατιᾶς
974 1156 1204 1201 ὑπελείπετο
1228 1157 1331 1211 μετὰ
1353 1161 1427 1200 τοῦ
1449 1159 1676 1201 Στατιανοῦ
1695 1156 1755 1199 ‘lv'
1772 1173 1788 1208 1
1807 1209 1813 1214 η

282 1226 465 1278 ἕποιντο,
501 1225 624 1276 αὐτὸς
657 1226 700 1267 δὲ
733 1227 807 1269 σὺν
831 1232 914 1276 τοῖς
938 1226 1098 1269 ἱππεῦσι
1125 1228 1191 1269 καὶ
1215 1229 1295 1269 τῶν
1319 1227 1446 1278 πεζῶν
1467 1233 1552 1277 τοῖς
1577 1223 1761 1278 εὐζώνοις

280 1294 463 1349 ἠπείγετο
489 1292 544 1344 ὥς
569 1294 711 1336 αὐτίκα
732 1295 784 1336 τὰ
808 1299 888 1338 τῶν
912 1294 1078 1349 Μήδων
1111 1292 1503 1351 καταστρεψόμενος.
1571 1293 1592 1337 ὅ
1623 1294 1760 1349 μέντοι

279 1360 462 1419 Πάρθος
493 1363 560 1404 καὶ
595 1360 615 1404 ὅ
641 1364 796 1416 Μῆδος
825 1367 883 1420 τῷ
916 1366 1129 1422 Στατιανῷ
1160 1362 1476 1420 ἀπροσδοκήτως
1509 1361 1761 1412 ἐπιπεσόντες

281 1432 350 1472 καὶ
383 1436 434 1487 τῇ
463 1433 555 1484 μετ’
591 1431 718 1473 αὐτοῦ
750 1436 943 1490 στρατιᾷ,
987 1431 1142 1482 πάντας
1171 1429 1407 1489 ἐφόνευσαν,
1448 1435 1524 1474 τοῦ
1547 1431 1758 1475 Ἀντωνίου

280 1497 530 1549 σπεύσαντος
551 1500 624 1553 μὲν
645 1504 858 1554 βοηθῆσαι
883 1500 1043 1553 αὐτοῖς,
1078 1499 1181 1554 πλὴν
1201 1497 1486 1557 ὖστερίσαντος
1518 1502 1586 1543 καὶ
1607 1497 1815 1555 μόνουςῖθ

279 1567 377 1618 τοὺς
400 1567 566 1623 νεκροὺς
599 1565 827 1624 εὖρηκότος.
895 1568 940 1618 ὃς
971 1569 1018 1611 οὗ
1051 1573 1188 1627 πολλῷ
1219 1567 1389 1629 ὕστερον
1421 1568 1644 1624 συμβαλὼν
1675 1575 1760 1619 τοῖς

279 1635 509 1693 βαρβάροις
544 1637 744 1693 ἐτρέψατο
779 1637 854 1692 μὲν
890 1636 1059 1690 αὐτούς,
1107 1638 1154 1680 οὗ
1190 1637 1328 1692 μέντοι
1361 1637 1467 1693 μέγα
1505 1654 1544 1681 τι
1587 1637 1759 1692 ἔβλαψε.

278 2026 422 2060 gressus
445 2027 514 2050 non
538 2016 639 2050 modo
663 2017 880 2052 successibus
904 2017 980 2052 eius
1005 2019 1201 2064 gratulatus
1223 2029 1294 2053 non
1315 2020 1387 2062 est,
1419 2017 1484 2052 sed
1507 2018 1613 2052 etiam
1635 2029 1680 2052 ex
1701 2017 1758 2052 in-

277 2061 375 2095 vidia
404 2063 615 2107 magistratu
646 2063 678 2096 ei
711 2065 880 2108 abrogato
911 2065 989 2110 ipse
1020 2076 1097 2099 cum
1127 2065 1301 2099 Antiocho
1332 2074 1540 2109 congressus
1573 2064 1758 2099 Samosata

278 2118 396 2152 regem
423 2109 598 2154 compulit.
647 2109 710 2143 sed
742 2121 819 2143 cum
842 2110 1023 2145 obsidione
1046 2111 1130 2145 nihil
1155 2111 1365 2156 proficeret,
1396 2121 1484 2156 pace
1505 2110 1603 2145 facta
1624 2109 1662 2145 in
1684 2110 1759 2145 Ita-

276 2153 356 2187 liam
381 2158 436 2188 est
458 2156 650 2198 profectus.
1501 2156 1506 2159 ⁴

417 2200 556 2234 Orodes
582 2212 667 2234 vero
691 2201 898 2236 Parthorum
934 2213 998 2236 rex
1031 2202 1175 2247 grandis
1205 2201 1384 2237 admodum
1420 2204 1527 2245 natu,
1560 2201 1757 2237 obluctam

276 2243 405 2278 Pacori
431 2246 595 2280 abdicato
620 2247 783 2291 imperio,
820 2248 963 2283 Phraati
995 2260 1014 2282 e
1049 2248 1201 2283 caeteris
1228 2247 1312 2283 filiis
1335 2252 1420 2281 natu
1444 2247 1590 2282 maximo
1613 2259 1757 2294 regnum
1786 2285 1788 2287 ,

278 2290 438 2326 tradidit.
487 2293 546 2337 qui
573 2304 636 2337 per
659 2304 823 2328 summum
848 2295 963 2328 scelus
986 2295 1116 2329 fratres
1139 2294 1219 2328 dolo
1243 2293 1396 2335 sustulit,
1419 2293 1601 2339 ipsumque
1622 2300 1756 2339 putrem
1808 2322 1809 2334 2

279 2337 333 2416 oi:1
356 2337 498 2416 casdem
532 2338 670 2372 illorum
704 2339 942 2384 indignantem
978 2345 1016 2374 et
1049 2352 1093 2374 ex
1126 2339 1274 2374 caeteris
1307 2338 1458 2385 optimos
1490 2349 1650 2385 quosque
1680 2344 1758 2375 tru-

278 2393 310 2416 ci
336 2394 395 2417 avi
415 2407 425 2417 .

1818 1716 1820 1735 i

372 1765 394 1799 5
418 1765 492 1799 τῶν
517 1765 586 1800 add
609 1765 652 1802 A.
757 1768 803 1803 12
828 1762 870 1800 d}
896 1765 1050 1812 ABCW,
1074 1764 1142 1802 τὸν
1163 1767 1206 1802 Ρ.
1299 1767 1345 1802 13
1369 1763 1516 1813 ἐντύχοι
1537 1766 1582 1804 A.
1673 1766 1756 1812 τῆς]

371 1808 443 1855 τὴν
465 1811 532 1854 τῆς
553 1812 595 1847 Β.
735 1810 987 1858 συμβιβάσεως
1010 1813 1052 1850 Α.
1193 1812 1237 1847 15
1259 1809 1457 1848 ὑπελίπετο
1488 1812 1534 1847 Α.
1673 1823 1759 1846 στα·
1818 1824 1820 1826 ·

369 1858 504 1891 τιανοῦ
535 1858 598 1892 Ac
632 1857 719 1903 Dio,
755 1858 994 1903 Στρατιανοῦ
1023 1859 1112 1894 PW.
1283 1859 1329 1895 18
1351 1857 1538 1906 στατιανῷ
1559 1857 1654 1894 ABG
1676 1858 1756 1903 Dio,

370 1902 592 1951 Στρατιαυῷ
613 1903 705 1938 PW.

417 2428 590 2463 Antonius
615 2430 741 2474 legatis
766 2430 810 2464 ad
835 2431 983 2465 Parthos
1008 2431 1052 2464 de
1073 2442 1159 2476 pace
1184 2431 1297 2464 missis
1320 2430 1456 2464 interim
1478 2430 1568 2465 bello
1593 2441 1632 2465 se
1654 2442 1757 2476 para·

279 2473 353 2517 vit,
395 2479 435 2508 ut
470 2487 530 2509 eos
568 2477 612 2510 ob
646 2488 741 2520 spem
775 2478 1021 2511 transactionis
1054 2477 1243 2522 imparatos
1277 2477 1539 2521 aggrederetur.
1584 2477 1648 2511 sed
1681 2489 1755 2511 cum

279 2518 419 2553 Medum
443 2521 574 2555 auxilio
598 2523 718 2556 venire
744 2522 876 2556 Partho
900 2523 1105 2565 didicisset,
1133 2522 1388 2567 impedimentis
1413 2527 1450 2556 et
1474 2534 1600 2567 magna
1622 2523 1758 2557 exerci-

282 2569 342 2598 tus
366 2571 468 2610 parte
487 2566 647 2601 Statiano
672 2568 800 2602 relictis
825 2573 865 2602 ut
887 2574 1104 2613 sequeretur,
1128 2568 1204 2613 ipse
1228 2579 1302 2602 cum
1327 2568 1504 2613 equitibus
1529 2573 1568 2603 et
1591 2569 1755 2614 expedito

283 2611 440 2655 peditatu
469 2614 696 2658 properavit,
732 2616 833 2658 quasi
867 2615 990 2649 Medos
1025 2614 1138 2648 statim
1169 2618 1398 2659 superaturus
1431 2618 1541 2651 essen*
1583 2619 1755 2648 caeterum

281 2657 434 2690 Parthus
459 2665 496 2692 et
519 2660 644 2694 Medus
668 2661 865 2694 Statianum
890 2662 1007 2695 subito
1027 2660 1142 2694 adorti
1165 2671 1239 2693 cum
1264 2660 1356 2694 omni
1372 2660 1528 2695 exercitu
1543 2660 1767 2703 ceciderunt.¹

282 2712 360 2735 nam
377 2704 548 2739 Antonius
572 2706 756 2751 suppetias
780 2707 830 2741 eis
853 2707 986 2741 laturus
1011 2706 1123 2740 serius
1144 2705 1254 2748 venit,
1277 2718 1391 2752 neque
1414 2706 1594 2752 quicquam
1615 2711 1758 2751 praeter

285 2748 460 2786 cadavera
484 2762 622 2786 suorum
648 2752 797 2788 invenit.
844 2764 908 2787 nec
930 2753 1036 2787 multo
1059 2756 1141 2797 post
1162 2752 1332 2787 barbaros
1355 2752 1578 2798 profligavit3
1602 2752 1663 2787 sed
1687 2763 1755 2786 non
1772 2756 1779 2785 ’.
1795 2791 1808 2806 Α.»
