1794 3120
240 128 304 174 54
331 136 333 138 ’
770 130 994 175 IOANNIS
1023 131 1280 174 ZONARAE

0 271 3 288 ,
51 245 79 279 P
101 245 119 280 Ι
145 246 214 283 340
235 240 495 298 βουλεύματα
511 242 819 299 κέξαγγέλλονται
832 276 845 295 ,
873 245 924 287 τὰ
953 239 1037 287 ὦτα
1066 244 1107 286 δ’
1131 240 1182 286 αὖ
1209 242 1263 294 ὥς
1281 243 1340 286 δι’
1361 242 1476 299 ἡμῶν
1493 244 1532 286 οἳ
1549 235 1692 300 ἑτέρων

238 309 348 367 λόγοι
377 315 434 368 τῷ
458 312 528 353 νοῖ·
545 312 876 369 παραπέμπονται
888 345 902 364 ,
928 314 1000 363 τὰς
1029 314 1070 354 δὲ
1095 319 1235 369 χεῖρας
1258 311 1318 355 ὅτι
1347 310 1548 368 ἐργάτιδες
1576 305 1714 362 οὖσαι,
1767 309 1772 312 ”

236 377 694 436 ἢμεΐςιπεριποιούμεθα
723 379 966 437 πορισμούς,
999 381 1094 430 τοὺς
1118 379 1247 430 πόδας
1273 381 1317 422 δ’
1351 374 1474 430 αὖθις
1499 378 1561 422 ὅτι
1587 379 1694 422 ἅπαν
1767 406 1776 423 e

239 446 351 501 ἡμεῖς
376 447 421 489 τὸ
451 452 569 502 σῶμα
596 449 780 505 φέροντες
804 453 1002 503 κοπιῶμεν
1031 449 1106 490 κᾶν
1133 456 1221 498 ταῖς
1237 449 1416 505 πορείαις
1432 448 1507 490 κᾶν
1522 453 1611 498 ταῖς
1627 449 1695 503 ἐρ·
1776 500 1778 506 ⁸

240 515 398 570 γασίαις
415 517 481 557 καὶ
501 518 542 558 ἓν
566 523 654 566 ταῖς
669 516 854 560 στάσεσιν
869 531 879 541 ·
915 516 1029 572 ἡμῶν
1047 519 1071 559 ὃ
1081 517 1093 532 ²
1115 515 1375 573 ἐνεργούντων
1395 515 1499 559 οὕτω
1517 514 1568 558 σὺ
1586 513 1689 569 μόνη
1704 523 1727 557 5
1775 520 1777 531 ³

240 582 456 638 ἀσυντελὴς
474 579 574 626 οὖσα
593 586 657 626 καὶ
676 584 817 641 ἀεργὸς
832 583 909 627 ὑπὸ
930 584 1087 627 πάντων
1104 583 1218 639 ἡμῶν
1237 583 1292 635 ὡς
1312 582 1507 627 δέσποινά·
1517 599 1578 634 τις
1592 581 1700 638 ὗπη-

240 656 335 708 ρετῇ
360 654 425 693 καὶ
452 656 531 695 τῶν
548 654 590 694 ἔκ
617 650 798 706 καμάτου
820 651 977 695 πάντων
994 651 1108 707 ἡμῶν
1124 657 1332 708 πορισμῶν
1351 650 1566 704 ἀπολαύεις
1581 649 1698 706 αὐτή.

238 717 265 773 ἦ
299 721 342 761 δὲ
370 721 521 776 γαστὴρ
551 722 741 764 συνέθετο
773 723 840 762 καὶ
867 721 967 775 αὐτὴ
995 719 1100 763 οὕτω
1117 722 1234 764 ταῦτ’
1266 721 1392 775 ἔχειν,
1427 721 1493 763 καὶ
1519 721 1554 763 εἳ
1578 721 1698 771 δοκεῖ,

191 795 221 829 Β
246 786 411 843 ἔφησεν,
442 787 687 845 ἇχορήγητόν
711 806 762 842 με
789 788 932 832 ἐάσατε
940 821 952 840 ,
981 790 1106 844 μηδέν
1129 807 1198 843 μοι
1218 789 1522 846 προσφέροντες.
1590 787 1699 839 ἔδοξε

241 860 392 906 ταῦτα,
423 859 487 898 καὶ
515 856 572 910 μή
602 875 638 899 τι
665 861 738 899 τοῦ
768 861 908 899 λοιποῦ
922 862 1186 914 χορηγεῖσθαι
1207 862 1255 914 τῇ
1273 859 1414 914 γαστρὶ
1433 861 1575 907 κοινῶς
1592 857 1697 911 ε’ψη-
1709 866 1755 901 10

243 924 374 978 φίσθη
401 930 483 973 τοῖς
510 925 658 976 μέλεσι.
726 930 882 980 τροφῆς
901 926 944 966 δὲ
970 918 1028 980 μὴ
1057 926 1384 982 προσφερομένης
1411 926 1515 982 αὐτῇ
1532 924 1634 968 οὗθ’
1655 924 1699 966 αἱ

237 997 367 1045 χεῖρες
391 991 492 1044 πρὸς
515 990 628 1045 ἔργον
644 986 746 1045 ἦσαν
764 991 956 1045 εὐκίνητοι
981 991 1050 1032 διὰ
1066 992 1138 1044 τὴν
1155 993 1306 1034 ἔνδειαν
1322 998 1395 1047 τῆς
1411 993 1583 1049 γαστρὸς
1601 993 1698 1036 ἀτο-

244 1057 418 1112 νήσασαι
429 1090 443 1109 ,
478 1057 578 1100 οὔθ’
608 1059 646 1100 οἳ
673 1057 792 1108 πόδες
815 1058 1012 1114 ἔρρωντο,
1056 1057 1145 1101 οὔτε
1171 1076 1208 1101 τι
1227 1060 1360 1116 ἕτερον
1375 1065 1456 1102 τῶν
1470 1065 1602 1114 μελῶν
1627 1061 1699 1115 τὴν

245 1127 390 1167 οῗκειάν
415 1127 607 1182 ἐνέργειαν
633 1134 816 1183 παρεῖχεν
842 1126 1109 1183 ἀπρόσκοπον,
1133 1126 1228 1169 ἀλλ’
1251 1127 1437 1185 ἄπρακτα
1452 1126 1583 1171 πάντα
1600 1131 1699 1172 δυσ-

244 1193 381 1247 κίνητά
410 1211 450 1236 τε
477 1193 503 1249 ἢ
529 1197 594 1236 καὶ
611 1195 739 1237 τέλεον
757 1189 860 1249 ἦσαν
879 1197 1053 1250 ἀκίνητα.
1117 1198 1183 1238 καὶ
1201 1195 1289 1239 τότε
1307 1201 1482 1251 συνῆκαν
1501 1195 1562 1239 ὅτι
1578 1196 1630 1239 τὰ
1649 1201 1699 1254 τῇ
1711 1206 1755 1241 15
1776 1200 1785 1248 ’,ι

246 1264 386 1318 γαστρὶ
415 1261 719 1320 προσφερόμενα
746 1263 791 1304 οὗ
818 1268 972 1316 μᾶλλον
1000 1265 1124 1320 ἐκείνῃ
1144 1265 1237 1306 ἀλλ’
1262 1264 1398 1314 αὐτοῖς
1416 1263 1702 1322 κεχορήγηνται
1782 1252 1789 1277 ”

246 1332 311 1372 καὶ
331 1330 461 1373 αὐτῶν
480 1331 644 1374 ἕκαστον
660 1336 739 1373 τῶν
757 1332 881 1388 ἐκείνῃ
899 1333 1204 1387 προσαγομένων
1223 1331 1512 1389 παραπολαύει.

385 1397 554 1449 Τούτοις
580 1406 662 1450 τοῖς
686 1398 816 1455 λόγοις
844 1399 889 1441 τὸ
916 1404 1074 1454 πλῆθος
1099 1405 1264 1455 συνῆκεν
1289 1399 1344 1450 ὥς
1361 1401 1403 1443 αἱ
1420 1405 1499 1444 τῶν
1523 1399 1702 1457 εὐπόρων

246 1467 376 1509 οὐσίαι
394 1468 458 1508 καὶ
476 1475 557 1518 τοῖς
576 1469 735 1523 πένησιν
753 1470 849 1511 εἰσὶν
861 1470 916 1517 εἷς
934 1468 1140 1524 ὠφέλειαν,
1159 1471 1224 1510 καὶ
1244 1471 1278 1511 εἲ
1294 1469 1464 1512 κάκεῖνοι
1483 1469 1700 1526 ὠφελοΐντο

190 1539 221 1574 C
248 1535 289 1576 ἒκ
317 1535 588 1589 δανεισμάτων
612 1539 678 1578 καὶ
708 1537 779 1587 τὰς
807 1536 943 1586 οὗσίας
971 1536 1157 1587 αὔξουσιν
1165 1569 1177 1588 ,
1217 1538 1289 1580 οὐκ
1316 1539 1371 1587 εἲς
1396 1535 1557 1592 βλάβην
1582 1542 1756 1585 vositum)
1783 1546 1794 1591 ’Ἰ-

245 1606 326 1645 τῶν
344 1607 500 1646 πολλῶν
518 1605 723 1657 ἀποβαίνει
736 1637 748 1655 ,
777 1603 831 1654 ὡς
849 1605 940 1659 εἴγε
958 1605 1015 1659 μὴ
1035 1605 1159 1659 ἔχοιεν
1177 1606 1214 1647 οἱ
1232 1609 1515 1658 πλουτοῦντες,
1543 1606 1634 1648 οὐδ’
1663 1606 1702 1649 οἳ
1791 1614 1794 1615 ’

248 1671 406 1726 πένητες
425 1671 473 1713 ἂν
491 1673 531 1714 ἓν
548 1680 700 1730 καιροῖς
718 1674 944 1727 ἀναγκαίοις
960 1674 1091 1724 ἕξουσι
1112 1674 1205 1724 τοὺς
1223 1675 1488 1726 ὃανείσοντας,
1516 1676 1579 1716 καὶ
1599 1675 1698 1717 ἀπο-

340 1804 359 1837 1
383 1798 654 1846 διαγγέλλονται
676 1803 760 1838 AR·
887 1800 926 1838 οἷ
945 1803 1016 1843 ΑΒ,
1042 1801 1081 1837 οἷ
1102 1801 1153 1837 δι’
1180 1804 1268 1838 PW.
1407 1806 1429 1838 5
1453 1800 1518 1838 καὶ
1540 1805 1624 1843 ταῖς
1644 1799 1699 1837 ἐν·

339 1846 503 1882 στάσεσιν
524 1850 567 1883 A.
703 1849 725 1884 6
749 1845 876 1894 ἀτελὴς
897 1852 939 1885 Α.
1076 1849 1097 1885 7
1118 1847 1292 1894 καμάτων
1315 1851 1355 1884 A.
1492 1848 1516 1883 8
1539 1849 1633 1892 δοκῆ
1654 1849 1698 1883 Α.

338 1893 360 1928 9
382 1891 587 1938 προσφερές
608 1895 650 1929 C.
795 1896 837 1930 15
865 1891 911 1929 τοὶ
935 1907 989 1929 om
1011 1897 1054 1930 A.
1193 1895 1237 1931 17
1259 1895 1332 1931 τῶν
1351 1895 1513 1939 ABCW,
1546 1906 1600 1929 om
1616 1895 1655 1930 P.

247 2017 343 2039 esse:
366 2005 514 2051 linguam
539 2011 575 2041 et
597 2006 709 2050 labia,
731 2019 796 2052 per
820 2020 856 2042 se
882 2009 1067 2042 animorum
1090 2018 1210 2042 sensus
1234 2008 1447 2043 annuntiari:
1481 2019 1601 2052 aures,
1634 2019 1698 2042 suo

248 2051 435 2085 ministerio
466 2052 606 2087 aliorum
640 2065 813 2087 sermones
839 2053 881 2087 ad
905 2061 1047 2088 mentem
1077 2054 1283 2099 pervenire:
1317 2065 1456 2096 manus,
1488 2065 1550 2088 suo
1580 2054 1699 2088 labore

246 2097 363 2151 parari
386 2108 442 2130 res
466 2099 701 2132 necessarias:
724 2100 844 2145 pedeS‚
867 2103 975 2134 totum
1000 2111 1126 2144 corpus
1151 2111 1171 2133 a
1194 2110 1231 2132 se
1255 2099 1462 2144 sustentari,
1494 2110 1602 2144 seque
1625 2100 1703 2134 sive

245 2146 316 2175 1ter
350 2142 426 2176 sive
449 2154 534 2187 opus
557 2145 619 2178 fiat
650 2145 726 2178 sive
750 2150 862 2179 stetur
883 2145 1034 2191 fatigari.
1081 2151 1237 2179 ventrem
1259 2157 1343 2179 vero
1368 2145 1476 2180 solum
1501 2145 1606 2179 omnis
1630 2157 1703 2180 mu-

247 2188 340 2221 neris
373 2194 410 2222 et
433 2188 560 2222 laboris
584 2195 758 2235 expertem
780 2191 977 2225 ministeriis
1002 2192 1146 2225 omnium
1170 2196 1332 2235 tanquam
1358 2203 1473 2236 regem
1496 2191 1559 2235 uti,
1582 2196 1619 2225 et
1642 2203 1702 2225 su-

248 2233 390 2267 doribus
414 2234 543 2268 illorum
565 2237 676 2280 partis
698 2236 769 2270 frui
790 2237 1023 2277 facultatibus.
1072 2242 1227 2271 ventrem
1252 2237 1335 2271 haec
1353 2237 1402 2271 ita
1425 2248 1463 2270 se
1479 2237 1605 2271 habere
1624 2249 1706 2271 con-

249 2280 396 2322 fessum,
422 2279 452 2313 si
477 2274 664 2324 videretur,
688 2282 772 2316 nihil
794 2283 861 2316 sibi
885 2283 1004 2325 tribui,
1029 2282 1113 2316 nihil
1136 2282 1327 2316 ministrari
1349 2283 1506 2317 iussisse.
1553 2284 1704 2317 membra

249 2325 475 2359 communiter
497 2326 694 2360 decrevisse
716 2339 759 2361 ne
782 2329 864 2373 quid
890 2329 1052 2374 deinceps
1077 2329 1192 2362 ventri
1215 2328 1504 2374 suppeditaretur.
1551 2330 1704 2374 quicum

248 2371 376 2404 nullum
401 2371 514 2406 cibum
538 2373 730 2417 acciperet,
766 2386 876 2418 neque
909 2385 1025 2408 manus
1049 2374 1091 2407 ad
1116 2385 1201 2419 opus
1224 2375 1332 2408 fuisse
1357 2375 1476 2420 agileS,
1501 2375 1544 2408 ob
1568 2375 1703 2408 ventris

247 2415 394 2450 inediam
418 2417 572 2451 defectas
599 2419 750 2460 viribus3
775 2431 887 2464 neque
909 2421 1013 2466 pedes
1037 2420 1202 2462 valuisse,
1227 2431 1340 2464 neque
1364 2421 1468 2454 ullum
1491 2420 1584 2454 aliud
1602 2432 1705 2454 mern-

247 2463 347 2495 brum
371 2473 466 2496 suum
490 2475 609 2497 munus
634 2465 721 2497 citra
747 2466 910 2499 offensam
928 2466 1078 2506 obiisse3
1102 2466 1164 2499 sed
1182 2465 1293 2499 omnia
1309 2466 1416 2500 fuisse
1431 2467 1570 2512 ignava,
1596 2477 1703 2510 aegra

247 2511 309 2541 aut
331 2508 470 2552 penitus
495 2509 692 2544 immobilia.
739 2515 810 2544 tum
833 2523 917 2545 vero
940 2511 1150 2545 intellectum
1176 2522 1264 2554 esse,
1288 2523 1330 2545 ea
1353 2513 1581 2555 quae'ventri
1603 2523 1706 2557 prae-

247 2553 415 2587 berentur
437 2566 503 2588 non
527 2556 632 2599 magis
657 2555 724 2600 ipsi
752 2568 849 2600 quam
875 2557 1029 2592 omnibus
1052 2557 1213 2591 membris
1239 2557 1477 2602 suppeditari,
1503 2569 1544 2592 ac
1568 2569 1609 2591 ea
1631 2558 1702 2591 sin-

248 2598 328 2643 gula
351 2600 501 2634 fructum
523 2601 603 2634 inde
628 2612 724 2634 suum
747 2603 941 2648 percipere.

383 2645 438 2678 Ex
471 2657 511 2679 eo
547 2658 703 2680 sermone
737 2648 917 2682 multitudo
948 2647 1121 2682 intellexit
1149 2648 1360 2692 locupletum
1393 2649 1573 2683 facultates
1598 2649 1703 2683 etiam

244 2690 456 2735 pauperibus
481 2703 557 2725 esse
581 2692 706 2726 utiles:
731 2694 824 2737 quod
848 2695 878 2728 si
899 2694 948 2728 illi
971 2705 1052 2728 suas
1069 2704 1152 2740 opes
1169 2705 1212 2727 ex
1228 2694 1354 2727 mutuis
1369 2694 1524 2739 pecuniis
1541 2699 1702 2739 augeant,

246 2735 285 2769 id
317 2741 430 2770 tamen
463 2736 498 2770 in
527 2738 645 2783 populi
668 2738 905 2774 detrimentum
929 2752 995 2774 non
1019 2739 1156 2773 cedere.
1203 2751 1279 2773 nam
1303 2740 1333 2772 si
1355 2740 1438 2774 nihil
1462 2740 1631 2774 haberent
1653 2741 1701 2774 10-

248 2782 416 2830 cupletes,
440 2794 552 2827 neque
575 2795 746 2830 pauperes
771 2786 974 2820 necessariis
998 2785 1212 2831 temporibus
1236 2785 1414 2820 habituros
1438 2786 1527 2820 unde
1550 2791 1703 2820 mutuen-
