1820 3120
232 121 333 168 608
711 121 941 165 IOANNIS
971 121 1233 165 ZONARAE

229 235 383 292 ὄίνδρας
407 233 509 291 πρὸς
532 231 657 292 φόνον
679 238 750 276 τοῦ
775 231 1088 292 αὐτοκράτορος.
1129 235 1333 285 δείσαντες
1353 234 1431 293 γὰρ
1455 236 1595 280 {nervon
1618 237 1709 294 περὶ

228 309 279 361 τῇ
312 302 490 362 σφετέρα
521 304 602 360 ζωῇ
637 303 882 345 ἐπιτίθενται
916 307 974 360 τῷ
998 303 1253 361 Αὖρηλιανῷ
1284 305 1350 345 καὶ
1375 303 1608 361 ἀναιροῦσιν
1631 306 1709 349 αὗ-

178 381 208 415 Β
229 370 313 423 τόν,
347 368 392 422 (ἐξ
426 370 632 421 ἐνιαυτοὺς
665 368 843 427 ἠνυκότα
876 371 989 429 παρὰ
1022 375 1074 429 τῇ
1107 372 1299 431 βασιλείᾳ
1318 376 1458 427 μηνῶν
1479 368 1622 430 ὀλίγων
1643 375 1709 418 ἔν-

231 440 409 490 δέοντας.
1513 465 1515 467 -
1559 473 1562 478 ,

367 507 437 550 28.
496 505 572 550 Ὃν
605 506 810 569 διεδέξατο
838 504 1035 558 Τάκιτος,
1070 504 1300 562 πρεσβύτης
1330 506 1458 565 ἀνήρ·
1494 507 1607 552 πέντε
1631 508 1744 567 γὰρὸ

230 576 330 619 ἐτῶν
354 573 450 618 εἶναι
473 577 540 617 καὶ
565 573 844 630 ἑβδομήκοντα
869 573 1146 632 ἀναγράφεται
1172 574 1236 618 ὅτε
1253 574 1386 632 ᾑρέθη
1405 576 1461 628 εἷς
1475 578 1712 634 μοναρχίαν.

228 644 275 687 τὸ
307 644 600 701 στρατιωτικὸν
636 645 680 686 δὲ
705 644 829 686 αὐτὸν
854 642 1095 700 ἀνηγόρευσε
1120 645 1186 686 καὶ
1211 643 1388 687 cimina·
1423 644 1465 688 ἐν
1488 647 1713 706 Καμπανίᾳ

227 713 306 770 γὰρ
342 711 430 756 τότε
466 712 675 770 διέτριβεν.
745 711 849 754 ἔνθα
881 712 1114 767 δεδεγμένος
1145 712 1190 755 τὸ
1223 711 1444 770 ψήφισμα,
1480 711 1712 770 εῑςῬιόμην

229 780 416 837 εἶσήλασε
440 781 542 835 μετὰ
568 778 775 835 σχήματος
802 782 1028 832 ἰδιωτικοῦ,
1074 782 1139 822 καὶ
1163 779 1302 838 γνώμῃ
1326 787 1398 837 τῆς
1419 780 1645 839 συγκλήτου
1668 799 1710 826 τε

229 852 392 893 καὶτοῦ
418 848 549 904 δήμου
583 850 656 904 τὴν
691 850 838 903 στολὴν
869 848 1127 906 περιεβάλετο
1161 850 1233 904 τὴν
1256 852 1476 903 βασίλειον.
1545 849 1768 895 ΣκύθαιΙῦ

229 920 274 961 δὲ
306 918 379 973 τὴν
402 915 629 961 Μαιώτιδα
662 919 805 973 λίμνην
838 920 904 959 καὶ
939 918 1009 960 τὸν
1036 920 1170 960 Φᾶσιν
1203 920 1386 973 ποταμὸν
1417 919 1712 976 περαιωθέντες

229 985 379 1045 Πόντῳ
404 988 471 1029 καὶ
497 988 772 1046 Καππαδοκία
795 988 976 1041 ἐπῆλθον
999 988 1064 1029 καὶ
1090 988 1129 1027 Γ
1127 988 1274 1046 αλατιά
1298 989 1363 1030 καὶ
1388 989 1565 1048 Κιλικία.
1613 986 1731 1031 τού-’

226 1073 311 1105 τοις
334 1053 355 1097 ὃ
383 1054 559 1106 Τάκιτος
582 1056 787 1110 συμμίξας
810 1057 877 1097 καὶ
911 1053 931 1097 ὃ
957 1055 1196 1112 Φλωριανὸς
1227 1055 1412 1113 ὕπαρχος
1445 1055 1501 1100 ὢν
1533 1057 1723 1108 πολλοὺς,

177 1131 207 1165 C
233 1124 393 1166 ἀνεῖλον
401 1156 414 1176 ,
467 1124 507 1166 οἱ
550 1125 593 1166 δὲ
633 1126 765 1171 λοιποὶ
810 1128 921 1181 φυγῇ
963 1124 1038 1178 τὴν
1077 1124 1278 1180 σωτηρίαν
1317 1123 1710 1181 ἐπραγματεύσαντο.

227 1195 466 1246 Μαξιμΐνον
498 1193 544 1235 δέ
573 1210 662 1235 τινα
693 1197 862 1249 συγγενῆ
885 1191 1033 1234 ἑαυτοῦ
1055 1190 1231 1248 ἡγεμόνα
1254 1197 1327 1248 τῆς
1349 1195 1502 1250 Συρίας
1525 1211 1707 1252 προεχει-
1718 1200 1764 1236 15

228 1263 370 1319 ρι’σατο
398 1260 595 1312 Τάκιτος·
632 1259 653 1304 ὅ
689 1262 732 1303 δὲ
765 1265 898 1311 κακῶς
932 1265 981 1318 τῇ
1016 1261 1123 1318 ἀρχῇ
1149 1259 1360 1318 χρώμενος
1391 1262 1574 1320 ἀνῃρέθη
1595 1263 1709 1320 παρὰ

226 1334 498 1386 στρατιωτῶν.
553 1331 620 1372 καὶ
645 1331 846 1380 δείσαντες
870 1330 907 1371 οἳ
931 1333 1074 1372 τοῦτον
1099 1328 1304 1381 ἀνελόντες
1327 1327 1382 1380 ὥς
1405 1331 1478 1374 οὗκ
1500 1329 1707 1388 ἀτιμωρή-

226 1416 323 1449 τους
360 1399 508 1449 αὗτοῦς
544 1397 565 1440 ὁ
607 1397 871 1455 αὐτοκράτωρ
908 1396 1164 1455 παρόψεται,
1212 1397 1492 1451 ἐπιδιώξαντες
1525 1400 1708 1443 κᾶκεΐνον

228 1468 402 1519 ἀνεῖλον,
438 1466 551 1509 οὔπω
584 1467 760 1521 ἕβδομον
790 1471 900 1522 μῆνα
924 1466 1036 1524 παρὰ
1059 1471 1110 1525 τῇ
1131 1469 1318 1529 βασιλείᾳ
1341 1466 1567 1522 ἆνύσαντα,
1601 1467 1714 1513 κατὰ,

228 1537 275 1579 δέ
295 1553 407 1586 τινας
428 1536 487 1592 μὴ
510 1535 630 1586 ὅλους
653 1533 727 1578 δύο
750 1533 968 1585 ἐνιαυτούς.
1716 1551 1764 1585 20

11 1613 119 1657 xWII
135 1614 202 1651 241
366 1605 435 1646 29.
500 1606 583 1646 Καὶ
600 1602 751 1655 ,τούτου
775 1604 998 1661 σφαγέντος
1021 1600 1094 1645 δύο
1119 1604 1222 1646 κατὰ
1248 1604 1395 1646 ταύτὸν
1419 1602 1707 1661 ἅνερρήθησαν

225 1677 428 1727 βασιλεῖς,
463 1671 635 1729 Πρόβος
655 1673 729 1727 μὲν
753 1674 794 1714 ἓν
817 1677 864 1728 τῇ
888 1670 970 1731 ἑῴα
993 1670 1106 1727 παρὰ
1128 1677 1398 1729 στρατιωτῶν,
1433 1673 1475 1715 ἓν
1506 1674 1551 1715 δὲ
1570 1671 1706 1730 Ῥώμῃ

227 1741 341 1799 παρὰ
363 1746 436 1796 τῆς
459 1740 683 1797 συγκλήτου
713 1739 965 1798 Φλωριανός.
1034 1741 1102 1782 καὶ
1124 1735 1251 1798 ἦρχον
1273 1739 1413 1798 ἄμφω,
1442 1739 1614 1798 Πρόβος
1633 1743 1707 1796 μὲν
1750 1783 1754 1788 ,

319 1849 344 1884 8
368 1846 435 1894 εἰς]
461 1845 514 1889 εἰς
535 1845 605 1893 τὴν
627 1849 669 1882 Β.
809 1849 849 1883 11
882 1844 938 1893 δὲ]
962 1843 1035 1892 γάρ
1060 1848 1101 1881 Β.
1230 1846 1275 1883 18
1298 1843 1558 1890 ἐπιδιώξαντες
1579 1860 1633 1884 om
1659 1849 1703 1884 C.

317 1896 363 1930 22
388 1892 486 1942 ἕςόᾳ]
513 1891 602 1942 ἄσίᾳ
625 1895 669 1930 Α.
853 1894 1086 1940 στρατιωτῶν
1110 1893 1227 1939 ABG,
1259 1894 1333 1928 τῶν
1355 1895 1588 1939 στρατιωτῶν
1613 1896 1704 1932 PW.

318 1943 366 1978 23
391 1938 494 1985 παρὰ
522 1941 568 1987 τῇ
589 1936 776 1986 συγκλήτῳ
800 1941 843 1976 Α.

364 2011 536 2045 FoN'rEs.
586 2010 675 2054 Cap.
700 2008 747 2043 28
768 2007 826 2044 29.
874 2009 1047 2043 Fortasse
1067 2007 1139 2041 Dio
1163 2007 1406 2044 continuatus.

224 2102 302 2137 dam
325 2101 397 2136 viri
421 2100 546 2146 capitis
569 2100 837 2143 damnarentur,
871 2100 985 2145 iisque
1017 2098 1167 2134 ostensis
1201 2100 1340 2134 eosdem
1364 2099 1408 2133 ad
1431 2098 1570 2133 caedem
1593 2098 1703 2145 impe-

223 2148 352 2182 ratoris
375 2147 552 2182 incitavit:
589 2147 649 2192 qui
673 2148 769 2181 vitae
794 2157 879 2180 suae
903 2150 1095 2180 metuentes
1119 2146 1342 2180 Aurelianum
1366 2145 1605 2190 sustulerunt,
1638 2157 1701 2180 sex

224 2194 325 2228 annis
349 2193 498 2238 imperio
523 2193 687 2237 potitum,
713 2191 833 2238 paucis
858 2192 1033 2226 mensibus
1057 2192 1217 2237 demptis.

362 2240 419 2273 28.
467 2239 514 2272 Ei
545 2238 714 2272 successit
747 2237 917 2281 Tacitus,
952 2239 1053 2272 homo
1079 2249 1206 2282 senex,
1243 2237 1304 2282 qui
1337 2247 1442 2271 annos
1476 2235 1629 2282 quinque
1662 2241 1702 2271 et

222 2286 451 2331 septuaginta
474 2289 576 2319 natus
600 2285 781 2328 imperium
805 2284 1005 2329 suscepisse
1029 2283 1182 2327 dicitur,
1219 2289 1257 2317 et
1290 2282 1425 2317 absens
1449 2281 1484 2315 in
1510 2283 1700 2327 Campania

223 2332 423 2366 declaratus
448 2343 530 2370 esse,
549 2342 569 2364 a
593 2330 771 2364 militibus.
819 2330 880 2363 ubi
904 2330 1045 2363 decreto
1071 2335 1226 2375 accepto,
1250 2329 1388 2375 privato
1412 2328 1534 2362 habitu
1556 2327 1698 2364 Romam
1742 2351 1745 2353 —

221 2377 420 2422 ingressus,
454 2378 498 2411 de
531 2376 706 2410 sententia
737 2381 880 2410 senatus
904 2375 1093 2421 populique
1116 2375 1344 2421 imperatoria
1365 2374 1519 2419 insignia
1540 2375 1698 2420 sumpsit.

223 2435 299 2457 cum
319 2428 432 2457 autem
450 2423 620 2467 Scythae,
647 2422 823 2456 Maeotide
847 2422 972 2466 palude
996 2426 1032 2455 et
1053 2421 1204 2456 Phaside
1229 2432 1326 2455 amne
1349 2425 1526 2464 superato,
1553 2420 1698 2454 Pontum

222 2469 482 2515 Cappadociam
516 2468 691 2502 Galatiam
726 2472 763 2501 et
794 2467 952 2502 Ciliciam
983 2467 1218 2510 invasissent,
1262 2466 1409 2500 Tacitus
1445 2471 1481 2500 et
1509 2465 1697 2500 Florianus

221 2517 425 2561 praefectus
449 2514 573 2549 multos
607 2513 829 2548 occiderunt:
864 2513 992 2558 reliqui
1020 2515 1104 2558 fuga
1135 2512 1279 2547 salutem
1311 2511 1573 2557 quaesiverunt.
1621 2523 1697 2546 cum

220 2573 308 2595 vero
342 2560 564 2595 Maximinum
598 2559 786 2605 quendam,
823 2571 844 2593 a
869 2559 997 2593 Tacito
1032 2563 1180 2603 cognato
1211 2557 1341 2602 Syriae
1375 2558 1497 2592 ducem
1531 2562 1696 2601 creatum,

222 2606 348 2640 milites
374 2611 548 2652 potestate
570 2607 769 2640 abutentem
793 2605 1015 2648 occidissent,
1037 2604 1242 2650 supplicium
1266 2604 1340 2637 eius
1357 2603 1522 2637 facinoris
1540 2607 1698 2638 metuen-

223 2657 289 2695 tes,
313 2653 555 2698 imperatorem
579 2662 718 2696 quoque
739 2651 929 2696 persecuti,
957 2651 1106 2684 nondum
1130 2650 1186 2684 vel
1208 2650 1356 2694 septimo
1382 2661 1498 2683 mense
1521 2649 1576 2684 vel
1599 2648 1697 2684 iuxta

224 2699 389 2742 quosdam
414 2698 557 2732 necdum
583 2698 719 2742 integro
742 2697 882 2730 biennio
907 2697 942 2730 in
966 2696 1110 2740 imperio
1135 2699 1272 2739 exacto,
1294 2695 1528 2730 trucidarunt.

360 2743 416 2779 29.
464 2744 591 2777 Tacito
623 2744 761 2777 sublato
792 2743 860 2776 duo
892 2742 1122 2787 imperatores
1148 2742 1266 2775 eodem
1289 2746 1449 2786 tempore
1470 2743 1553 2775 sunt
1577 2740 1694 2774 decla-

222 2788 304 2835 rati,
333 2789 468 2824 Probus
491 2789 527 2823 in
552 2789 687 2824 oriente
711 2800 731 2823 a
755 2789 936 2833 militibus,
961 2789 1092 2822 Romae
1115 2798 1135 2821 a
1159 2791 1284 2821 senatu
1308 2786 1506 2823 Florianus,
1536 2798 1576 2821 ac
1601 2790 1696 2821 uter-
