1820 3120
341 152 436 195 242
533 137 537 141 ’
805 150 1029 195 IOANNIS
1063 151 1319 218 zoNARAE

288 270 319 303 D
344 265 509 312 ἕκαστος
542 266 600 320 τῷ
631 263 760 322 οἰκείῳ
793 266 993 320 διειλέχθη
1029 262 1296 323 στρατεύματι
1328 264 1395 307 καὶ
1425 263 1525 322 πρὸς
1554 263 1628 320 τὴν
1659 259 1794 319 μάχην

341 331 438 374 αὗτὸ
462 329 780 388 παρεθάρρυνεν.

469 396 541 448 Ὡς
560 400 585 440 ὃ
591 399 602 414 ²
629 400 738 450 ἔδοξε
762 405 818 458 τῷ
835 400 1026 442 Σκιπίωνι
1048 399 1106 453 μὴ
1131 400 1347 456 διατρίβειν
1370 397 1425 442 ξ’τι
1444 398 1545 442 ἀλλὰ
1562 400 1629 443 καὶ
1645 397 1795 442 ἄκοντα

339 465 410 508 τὸν
436 466 620 521 Ἀννίβαν
651 471 706 518 εἷς
729 467 797 511 τὸν
821 469 957 523 ἀγῶνα
980 474 1240 524 προαγαγεῖν,
1276 469 1337 510 ἐπὶ
1360 467 1434 522 τὴν
1459 466 1632 523 Οὗτικὴν
1653 466 1814 524 ὥρμη-,

339 551 431 585 σεν,
470 535 539 576 ἵνα
572 536 739 578 δεδιέναι
774 538 841 577 καὶ
877 533 1035 592 φεύγειν
1060 533 1182 586 δόξας
1204 537 1318 591 σχοίη
1341 535 1479 593 καιρὸν
1500 535 1734 586 ἐπιθέσεως·
1770 533 1820 581 35

338 604 403 643 καὶ
427 603 589 657 ἐγένετο.
659 602 679 645 ὃ
704 603 781 660 γὰρ
798 603 982 656 Ἀννίβας
1004 601 1161 661 φεύγειν
1185 603 1307 646 αὐτὸν
1330 605 1485 659 οἰηθεὶς
1507 605 1575 646 καὶ
1594 604 1660 646 ἐπὶ
1676 605 1795 646 πλέον

339 670 522 712 ἐντεῦθεν
544 670 760 727 θαρσήσας
779 672 962 721 ἐπεδίωξε
985 670 1123 725 μόνοις
1146 678 1228 722 τοῖς
1253 673 1428 715 ἱππεῦσι.
1483 673 1551 714 καὶ
1573 669 1596 714 ὃ
1619 673 1794 714 Σκιπίων

336 737 501 796 ἀντέστη
534 755 574 780 τε
609 740 746 789 αὐτοῖς
776 739 887 795 παρὰ
919 738 1041 789 δόξαν
1072 741 1137 781 καὶ
1169 739 1389 794 συμβαλὼν
1411 740 1576 796 ἐνίκησε.
1642 739 1796 796 τρέψας

338 805 383 846 δ’
412 806 559 855 αὐτοὺς
581 807 652 849 οὐκ
678 809 739 849 ἐπὶ
764 807 808 849 τὸ
835 805 990 850 διώκειν
1013 813 1121 865 σφᾶς
1144 808 1248 850 ἀλλὰ
1265 810 1326 850 ἐπὶ
1344 809 1394 851 τὰ
1413 805 1644 866 σκευοφόρα
1663 807 1794 850 αὐτῶν

336 874 443 914 καθ’
471 872 565 915 ὁδὸν
588 873 832 930 τυγχάνοντα
857 874 1032 932 ὥρμησε,
1068 878 1131 918 καὶ
1151 876 1281 920 πάντα
1299 878 1505 930 συνέλαβε.
1571 881 1700 919 ταῦτα
1722 875 1820 922 τὸν]

153 943 181 976 Ρ
205 942 221 975 1
246 941 313 978 442
331 941 512 993 Ἀννίβαν
531 941 709 999 ἐτάραξε,
743 946 808 985 καὶ
827 943 883 985 ἔτι
904 943 964 986 ὅτι
983 944 1260 993 κατασκόπους
1274 944 1405 986 αὐτοῦ·
1415 950 1519 1000 τρεῖς
1535 945 1576 987 ἓν
1592 948 1651 1004 τῷ
1668 961 1793 1001 στρα-

334 1009 488 1066 τοπέδῳ
514 1007 534 1051 ὃ
560 1013 735 1053 Σκιπίων
759 1009 886 1065 εὑρὼν
911 1010 1025 1051 οὐδὲν
1049 1009 1176 1052 δεινὸν
1200 1011 1334 1061 αὐτοῖς
1355 1013 1577 1067 πεποίηκεν.
1643 1013 1792 1067 μαθὼν

334 1076 412 1133 γὰρ
451 1076 556 1132 παρ’
595 1075 682 1126 ἑνὸς
717 1077 848 1119 αὐτῶν
881 1075 901 1118 ὃ
928 1078 1108 1130 Ἀννίβας
1140 1078 1184 1120 τὸ
1217 1079 1491 1136 πεπραγμένον
1521 1079 1580 1134 (οἱ
1608 1079 1684 1137 γὰρ
1718 1078 1790 1123 δύο

335 1143 446 1201 παρὰ
471 1150 553 1194 τοῖς
569 1142 781 1199 Ῥωμαίοις
802 1151 933 1199 μεῖναι
956 1146 1179 1201 ἠθέλησαν)
1210 1147 1435 1204 κατεπλάγη
1449 1179 1462 1199 ,
1497 1149 1564 1190 καὶ
1587 1149 1790 1191 διακινδυ-

334 1216 470 1254 νεῦσαι
495 1212 624 1254 οὗκέτι
656 1211 873 1270 θαρρήσας
897 1215 1141 1257 σπείσασθαι
1164 1213 1225 1257 ὅτι
1249 1215 1417 1270 τάχιστα
1440 1215 1560 1272 ἔγνω,
1592 1216 1649 1259 ‘lv'
1677 1218 1711 1259 εἰ
1731 1216 1820 1272 μὴΙ

334 1285 452 1323 τοῦτο
472 1282 664 1336 συμβαίη,
689 1282 831 1337 τριβὴν
848 1281 945 1332 τέως
962 1283 1048 1324 τινὰ
1062 1283 1272 1339 πορίσηται
1287 1287 1352 1326 καὶ
1377 1283 1590 1340 διακωχήν.
1622 1283 1790 1339 πέμψας

336 1343 407 1390 οὖν
438 1349 538 1405 πρὸς
569 1349 638 1392 τὸν
661 1351 944 1402 Μασινίσσαν,
993 1351 1055 1392 δι’
1083 1352 1230 1394 ἐκείνου
1264 1350 1319 1403 ὡς
1341 1350 1549 1410 ὁμοφύλου
1571 1352 1646 1403 τὰς
1668 1369 1791 1396 σπον-

338 1417 412 1466 δὰς
434 1416 569 1474 ᾔτησε.
638 1419 704 1459 καὶ
727 1413 829 1472 ἦλθε
852 1419 924 1471 μὲν
947 1420 988 1468 ἐς
1011 1417 1153 1474 λόγους
1174 1424 1232 1476 τῷ
1255 1422 1458 1472 Σκιπίωνι,
1484 1419 1627 1478 ἔπραξε
1651 1421 1695 1462 δὲ
1719 1421 1789 1463 οὗ·

337 1485 414 1526 ὸέν.
469 1483 489 1527 ὃ
515 1484 591 1541 γὰρ
616 1487 790 1528 Σκιπίων
814 1485 903 1528 οὔτε
927 1487 1054 1543 τραχὺ
1079 1486 1168 1530 οὔτε
1191 1505 1228 1530 τι
1252 1489 1378 1546 σαφὲς
1401 1482 1651 1545 ἀπεκρίνατο,
1685 1488 1790 1531 ἀλλὰ

335 1553 380 1594 τὸ
404 1554 476 1607 μὲν
499 1551 592 1595 ὅλον
623 1555 851 1608 ἓμέσευσεν,
898 1556 1177 1612 ἐπιεικέστερον
1209 1556 1251 1597 δ’
1278 1556 1387 1611 ὅμως
1421 1557 1647 1612 διειλέχθη,
1681 1555 1820 1607 {imon

286 1623 316 1656 Β
340 1620 462 1663 αὐτὸν
494 1619 549 1671 ὥς
578 1624 644 1663 καὶ
668 1621 924 1676 σπεισάμενος
947 1626 1002 1673 εἷς
1025 1623 1209 1678 ἀμέλειαν
1230 1624 1460 1683 προαγάγῃ·
1495 1624 1519 1667 ὃ
1548 1627 1614 1668 καὶ
1637 1625 1789 1680 συμβέ·

334 1692 447 1743 βηκε.
515 1688 649 1744 μάχης
671 1691 743 1744 μὲν
764 1691 841 1748 γὰρ
863 1692 952 1748 πέρι
971 1691 1086 1734 οὐδὲν
1109 1690 1322 1746 ὁἈννίβας
1339 1692 1529 1749 ἐνενόησε,
1562 1711 1788 1749 μεταστρα-

427 1840 450 1874 2
474 1835 631 1920 αἷτὲἶοθ,
655 1838 755 1888 αὐτῷ
778 1842 866 1878 PW.
1021 1842 1041 1877 7
1067 1848 1147 1889 post
1171 1839 1317 1879 ΐππεῦσι
1339 1844 1416 1879 Pw
1438 1843 1506 1879 add
1527 1841 1622 1880 κατὰ
1646 1842 1785 1880 νώτουε

429 1897 482 1919 om
599 1911 607 1921 .

334 2021 452 2056 statim
485 2022 528 2055 ad
559 2034 678 2057 manus
702 2030 888 2068 venerunt,
925 2026 988 2060 sed
1016 2027 1090 2061 dies
1119 2026 1307 2073 complures
1337 2027 1460 2061 morati
1478 2030 1633 2073 uterque
1663 2027 1789 2061 milites

334 2079 418 2102 suos
443 2067 485 2100 ad
513 2079 662 2112 pugnam
686 2074 741 2103 est
760 2071 971 2106 cohortatus.

474 2113 522 2146 Ut
553 2120 666 2148 autem
692 2114 846 2161 Scipioni
875 2123 1008 2160 tempus
1040 2128 1108 2151 non
1132 2117 1258 2151 diutius
1280 2119 1396 2150 terere
1419 2116 1530 2151 visum
1555 2122 1608 2151 est
1632 2122 1668 2151 et
1690 2116 1786 2151 Han-

334 2159 481 2193 nibalem
514 2159 571 2192 vel
602 2159 748 2194 invitum
771 2161 814 2195 ad
842 2168 1011 2196 certamen
1036 2163 1173 2203 elicere,
1197 2162 1334 2196 Uticam
1357 2161 1425 2196 iter
1446 2162 1613 2208 intendit,
1646 2167 1687 2197 ut
1709 2174 1784 2198 cum

333 2203 455 2238 timere
489 2209 525 2238 et
556 2206 679 2250 fugere
709 2207 930 2252 crederetur,
965 2207 1016 2241 rei
1046 2208 1217 2252 gerendae
1247 2205 1458 2251 occasionem
1481 2208 1647 2244 haberet:
1678 2209 1796 2254 idque.

332 2250 464 2284 factum
489 2256 554 2284 est.
604 2252 776 2286 Hannibal
800 2253 887 2287 enim
911 2265 985 2287 eum
1008 2254 1130 2298 fugere
1155 2254 1327 2298 opinatus,
1350 2253 1545 2299 maioreque
1561 2254 1688 2289 fidncia
1703 2253 1785 2288 inde

333 2301 482 2342 sumpta,
509 2308 583 2330 cum
608 2297 689 2331 solis
713 2298 887 2342 equitibus
912 2310 987 2333 eum
1013 2304 1066 2333 est
1088 2302 1301 2344 persecutus.
1350 2299 1475 2343 quibus
1499 2300 1621 2345 Scipio
1641 2305 1785 2355 praeter

334 2343 628 2385 exspectationem
659 2344 814 2386 restitit3
843 2345 958 2389 iisque
979 2344 1184 2390 profligatis,
1207 2345 1451 2390 persecutione
1473 2347 1617 2390 omissa,
1639 2345 1785 2391 impedi-

334 2393 450 2420 menta
474 2399 563 2432 quae
586 2389 622 2422 in
647 2390 704 2422 via
728 2395 827 2423 erant
850 2390 1038 2435 intercepit
1063 2390 1183 2425 omnia.
1230 2390 1316 2424 haec
1340 2392 1525 2425 turbarunt
1541 2392 1782 2426 Hannibalem:

335 2437 442 2477 atque
471 2434 555 2468 illud
582 2434 704 2477 etiam,
741 2436 833 2480 quod
858 2437 974 2481 Scipio
1005 2442 1077 2470 tres
1102 2435 1336 2480 exploratores
1360 2437 1395 2471 in
1419 2437 1544 2471 castris
1568 2437 1639 2471 suis
1661 2437 1786 2482 depre-

333 2478 460 2512 hensos
482 2479 619 2525 impune
649 2481 837 2517 dimiserat.
863 2485 905 2516 'e
929 2493 1070 2527 quorum
1096 2492 1162 2515 uno
1194 2493 1268 2515 cum
1293 2481 1474 2517 didicisset
1496 2483 1580 2528 quid
1602 2483 1638 2517 in
1661 2482 1785 2517 castris

335 2529 448 2557 actum
480 2530 574 2559 esset
597 2527 684 2570 (duo
709 2527 797 2560 'enim
820 2528 911 2561 ultro
936 2529 1024 2574 apud
1049 2529 1218 2562 Romanos
1242 2528 1476 2572 manserant),
1508 2529 1685 2574 perculsus
1710 2532 1781 2562 est:

333 2581 446 2614 neque
473 2572 615 2620 amplius
638 2573 823 2607 decertare
849 2585 965 2618 ausuS,
988 2585 1087 2618 quam
1110 2573 1251 2618 primum
1275 2585 1392 2618 pacem
1416 2575 1531 2608 facere
1554 2573 1720 2616 decrevit,
1743 2580 1785 2608 ut

334 2627 374 2648 ea
398 2628 463 2649 non
487 2617 668 2663 impetrata
682 2645 690 2661 ⁷
727 2630 818 2652 mora
850 2620 972 2653 saltem
996 2619 1108 2664 aliqua
1129 2623 1165 2652 et
1186 2619 1341 2653 induciae
1363 2619 1628 2654 intercederent.
1673 2619 1782 2654 Masi-

331 2661 426 2694 nissa
447 2663 566 2707 igitur,
593 2669 631 2698 ut
653 2666 812 2710 populari
837 2677 898 2699 suo
921 2665 1159 2708 intercessore,
1182 2676 1257 2699 cum
1281 2664 1444 2710 Scipione
1466 2666 1674 2709 collocutus,
1695 2664 1780 2700 nihil

329 2707 544 2750 impetravit.
593 2722 671 2744 nam
695 2711 815 2755 Scipio
839 2722 951 2756 neque
984 2722 1106 2757 aspere
1138 2722 1250 2755 neque
1281 2711 1463 2756 perspicue
1485 2710 1685 2756 respondit3
1716 2709 1778 2745 sed
1819 2748 1820 2751 Ἴ

330 2754 485 2796 quamvis
511 2756 643 2789 omnino
668 2757 814 2791 medium
840 2757 1008 2801 quoddam
1031 2761 1178 2799 teneret,
1201 2761 1313 2790 tamen
1337 2756 1514 2798 humanius
1537 2756 1716 2798 disseruit,
1741 2761 1777 2789 nt
1819 2771 1820 2804 3

330 2808 405 2832 eum
429 2811 493 2844 spe
514 2802 613 2846 pacis
635 2803 920 2847 negligentiorem
942 2802 1128 2837 redderet:
1150 2802 1254 2847 idque
1272 2802 1406 2838 accidit.
1453 2813 1528 2838 cum
1545 2802 1633 2838 enim
1649 2801 1778 2837 Hanni·
1819 2809 1820 2839 l
