1820 3120
270 93 373 141 474
737 54 966 134 Iomms
994 88 1258 133 zoNARAE

269 213 382 257 θεῖος
403 203 618 254 Λουκᾶς’
600 220 641 246 εν
663 209 754 253 ταῖς
775 200 960 260 Πράξεσι
982 202 1206 257 μέμνηται,
1241 201 1360 246 καὶὸ
1391 201 1584 272 Ἰωσηπος
1614 205 1656 248 ἓν
1685 210 1746 264 τῷ

270 271 605 329 ἐννεακαιδεκάτῳ
629 269 735 330 λόγῳ
758 276 831 326 τῆς
859 271 1196 326 Ἀρχαιολογίας’
1183 278 1337 326 ιστορεΐ
1352 270 1479 328 γόητα
1500 272 1670 318 αὗτὸν’
1646 291 1747 317 οντα

269 342 444 391 πολλοὺς
477 341 706 393 ἀπατῆσαι,
746 340 821 390 ἕως
852 338 993 390 Φάδος
1026 337 1047 380 ὅ
1080 344 1153 393 τῆς
1178 340 1379 391 Ἰουδαίας
1409 341 1621 399 ἐπίτροπος
1651 343 1746 397 ι’λην

270 411 420 453 ἱππέων
443 409 611 464 πέμψας
633 408 806 458 πολλοὺς
827 411 908 449 τῶν
933 409 1022 463 περὶ
1046 407 1169 450 αὐτὸν
1193 408 1346 460 ἀνεῖλε,
1381 409 1557 460 πολλοὺς
1576 410 1620 453 δῖ
1647 409 1746 463 ἐζώ-

269 495 414 536 γρησε,
449 479 518 520 καὶ
541 478 667 520 αὐτοῦ
692 478 737 519 δὲ
758 481 830 519 τοῦ
857 475 996 518 Θευδᾶ
1018 477 1294 532 ζωγρηθέντος
1315 477 1388 533 τὴν
1409 476 1540 534 κάραν
1561 478 1779 533 &niteas-5

408 548 492 588 Καὶ
519 547 654 599 Σίμων
687 545 728 587 δ’
765 543 786 587 ὃ
818 542 948 599 μάγος
971 545 1034 586 ἐπὶ
1058 543 1203 588 τούτου
1225 549 1300 588 τοῦ
1319 547 1522 600 βασιλέως
1543 550 1594 604 τῇ
1609 543 1746 604 Ῥώμῃ

269 613 523 669 ἐπιδημήσας
550 614 726 663 πολλοὺς
759 617 839 656 τῶν
863 612 989 667 αὐτὴν
1013 611 1228 656 οἶκοῦντων
1249 616 1448 670 γοητείαις
1471 613 1654 670 ἧπάτησε
1679 617 1747 658 καὶ

268 684 567 740 ἐσφετερίσατο.
637 685 761 736 δηλοῖ
791 682 834 724 δὲ
869 685 988 724 τοῦτο
1023 681 1237 732 Ἰουστῖνος
1273 681 1293 726 ὃ
1334 682 1562 740 φιλόσοφός
1594 701 1638 727 τε
1679 685 1749 726 καὶ

216 759 249 793 Ι)
272 750 431 808 μάρτυς
463 752 505 794 ἐν
536 754 587 808 τῇ
620 750 722 807 πρὸς
751 751 983 793 Ἀντωνῖνον
1014 748 1115 807 ὑπὲρ
1149 755 1224 794 τοῦ
1258 751 1364 795 καθ’
1402 749 1512 807 ἡμᾶς
1546 750 1748 808 δόγματος

270 821 466 879 ἀπολογίᾳ
497 817 668 876 γράφων
698 823 828 861 ταῦτα
854 817 953 860 “nai
975 818 1080 873 μετὰ
1101 819 1176 874 τὴν
1199 819 1407 875 ἀνάληψιν
1428 825 1502 863 τοῦ
1525 821 1666 878 κυρίου
1691 822 1747 871 εἷς
1758 812 1808 864 lo'

269 889 442 945 οὐρανὸν
477 886 776 944 προεβάλλοντο
817 887 856 929 οἳ
897 888 1084 941 δαίμονες
1125 887 1370 944 ἀνθρώπους
1408 884 1521 939 τινὰς
1559 889 1749 945 λέγοντας

269 955 439 1006 ἑαυτοὺς
473 954 573 998 εἶναι
606 955 754 1007 θεούς,
790 955 836 998 οι
865 956 911 998 οὗ
947 954 1074 1009 μόνον
1111 957 1184 999 οὐκ
1220 955 1481 1012 ἐδιώχθησαν
1513 954 1592 1014 υφ’
1633 956 1749 1012 υμῶν

269 1025 374 1068 ἀλλὰ
398 1025 466 1067 καὶ
488 1028 608 1078 τιμῆς
627 1023 892 1109 ηξιώθησαν·
921 1025 976 1066 ὡν
1001 1022 1058 1074 εις
1079 1026 1146 1066 καὶ
1173 1023 1351 1079 Σίμωνι
1332 1042 1354 1068 ο
1379 1023 1638 1082 Σαμαρεὺς”
1618 1043 1640 1068 ο
1665 1026 1746 1069 ἀπὸ

268 1091 408 1148 κώμης
430 1094 599 1144 Γιττῶν,
624 1091 669 1143 ὃς
693 1093 756 1135 ἐπὶ
781 1094 991 1135 Κλαυδίου
1015 1094 1228 1149 Καίσαρος
1253 1094 1322 1136 διὰ
1345 1097 1418 1148 τῆς
1439 1098 1520 1137 τῶν
1543 1092 1748 1149 δαιμόνων

269 1162 466 1219 ἐνεργειας
497 1159 687 1215 δυνάμεις
717 1160 893 1217 μαγικὰς
922 1159 1097 1216 ποιήσας
1126 1162 1167 1203 ἐν
1198 1166 1248 1219 τῇ
1278 1160 1392 1205 πόλει
1414 1160 1530 1216 ὖμῶν
1551 1165 1604 1220 τῇ
1623 1167 1746 1216 βασι-
1757 1170 1803 1206 15

269 1232 350 1272 λίδι
379 1227 516 1286 Ῥώμῃ
547 1230 648 1280 θεὸς
680 1231 876 1284 ἐνομίσθη
903 1231 971 1272 καὶ
1004 1228 1212 1286 ἀνδριάντι
1235 1231 1336 1287 παρ’
1361 1229 1456 1285 ὑμῖν
1477 1232 1684 1286 τετίμηται
1707 1233 1749 1274 ἐν

268 1303 327 1357 τῷ
353 1298 539 1355 Τιβέριδι
563 1303 732 1356 ποταμῷ
755 1298 908 1353 μεταξὺ
931 1302 1010 1341 τῶν
1035 1297 1107 1340 δύο
1138 1304 1325 1356 γεφυρῶν
1357 1299 1578 1358 ἱσταμένῳ,
1613 1297 1749 1356 γράμ·

268 1383 393 1422 μασιν
416 1367 740 1424 ἐπιγεγραμμένῳ
757 1365 994 1420 Ῥωμαϊκοϊς
1016 1369 1171 1420 Σίμωνι
1195 1369 1274 1426 δέῳ
1297 1366 1514 1427 σάγκτῳ”·
1549 1366 1647 1426 ὅπερ
1682 1370 1748 1419 ἔξ·-

272 1434 569 1491 ελληνιζόμενον
592 1437 746 1489 Σίμωνι
768 1439 855 1492 θεῷ
881 1433 980 1492 ἁγίῳ
1005 1437 1134 1489 δηλοῖ.

84 1513 113 1547 Ρ
136 1512 154 1548 1
177 1511 247 1548 568
406 1505 493 1546 Καὶ
516 1502 537 1546 ὁ
557 1504 719 1561 Πέτρος
736 1503 779 1546 δὲ
797 1504 860 1545 ἐπὶ
878 1505 1087 1546 Κλαυδίου
1107 1506 1268 1559 πρῶτον
1287 1500 1511 1558 ἐπεδήμησε
1528 1501 1804 1560 τῇ.“Ρώμῃ,20

362 1655 382 1688 1
409 1651 584 1707 ῌροὶξεσι]
609 1654 630 1688 5
655 1653 714 1688 36.
878 1653 900 1687 2
924 1648 1256 1698 ἐννεακαιδεκάτῳ]
1290 1653 1392 1687 ἰιιιιιιο
1413 1653 1587 1699 Antiquit.
1614 1653 1677 1689 lib.
1702 1655 1749 1690 20

361 1712 393 1734 c.
419 1701 439 1733 5
464 1704 484 1744 §
511 1702 544 1735 1.
590 1699 724 1733 erravit
748 1699 903 1733 Zonaras
928 1700 965 1733 in
988 1699 1216 1734 exscribendo
1242 1699 1410 1741 Eusebio,
1441 1702 1502 1744 qui
1527 1700 1748 1759 undevigesi-

362 1757 451 1780 mum
475 1746 617 1790 Iosephi
641 1746 763 1779 librum
787 1746 891 1790 paulo
916 1753 998 1779 ante
1023 1745 1208 1781 citaverat.
1255 1750 1408 1779 ceterum
1433 1745 1477 1779 de
1501 1745 1651 1781 'l'heuda
1677 1747 1747 1780 Zo-

363 1803 465 1826 naras
490 1792 609 1825 eadem
634 1791 740 1825 habet
763 1795 792 1825 t.
820 1794 837 1826 1
866 1804 899 1836 p.
926 1791 993 1826 512
1018 1802 1055 1824 v.
1079 1792 1135 1826 13.
1277 1789 1299 1824 6
1316 1789 1391 1824 Καὶ
1406 1790 1535 1835 Σίμων
1557 1811 1604 1817 ·-
1626 1805 1662 1838 p.
1677 1791 1747 1827 475

363 1850 397 1872 v.
422 1837 445 1870 8
469 1834 679 1894 εὐαγγελίου
703 1837 928 1881 συγγραφῆς]
954 1836 1099 1871 Eusebii
1122 1836 1219 1872 Hist.
1244 1837 1328 1870 eccl.
1354 1835 1377 1870 2
1401 1837 1490 1872 13-
1495 1838 1550 1872 15.
1643 1837 1664 1874 7
1683 1835 1747 1872 αὗ·-

364 1879 447 1927 τὴν]
472 1879 541 1926 τὴν
565 1879 691 1927 ῥώμην
715 1882 758 1917 Α.
867 1884 890 1916 ὅ
913 1882 1038 1916 lustini
1060 1883 1234 1926 Martyris
1257 1882 1451 1938 Apolog.1
1475 1884 1571 1929 (cap.
1593 1883 1649 1928 26,
1673 1888 1700 1918 t.
1726 1884 1745 1919 l

428 1929 496 1964 190
519 1929 571 1962 ed.
599 1928 744 1971 Otton.)
769 1939 811 1973 ap
816 1928 861 1962 ud
883 1929 1088 1963 Eusebium.
1161 1931 1201 1963 ll
1227 1926 1482 2009 προεέάλοντο
1506 1934 1544 1964 et
1566 1910 1747 1976 προεβάλ-

364 1977 473 2009 λοντο
496 1974 643 2008 Eusebii
668 1974 816 2009 codices.
958 1974 1003 2008 14
1026 1973 1141 2019 κόμης
1164 1985 1294 2008 τιττων

272 2108 391 2143 minit·
426 2113 463 2143 et
484 2108 653 2154 Iosephus
676 2108 932 2153 Antiquitatum
963 2109 1052 2143 libro
1079 2108 1121 2144 19
1144 2109 1256 2143 refert
1279 2119 1354 2143 eum
1377 2108 1487 2142 fuisse
1510 2104 1747 2164 impostorem,

272 2154 331 2200 qui
356 2155 480 2189 multos
504 2154 704 2198 seduxerit,
741 2155 852 2189 donec
879 2155 996 2189 Fadus
1020 2155 1172 2189 Iudaeae
1202 2158 1410 2209 procurator
1433 2154 1558 2189 missis
1571 2155 1748 2201 equitibus

271 2201 396 2235 multos
422 2201 497 2234 eius
522 2205 717 2234 sectatores
742 2201 929 2246 occiderit,
952 2201 1077 2235 multos
1101 2201 1246 2247 ceperit,
1272 2205 1378 2246 atque
1399 2200 1468 2246 ipsi
1493 2201 1665 2236 Theudae
1689 2212 1747 2236 ca-

298 2250 338 2280 ut
361 2258 414 2280 am
443 2246 561 2281 utarit.

271 2258 294 2292 p
411 2258 532 2326 S'imon
555 2303 694 2336 quoque
717 2302 835 2337 magus
859 2292 923 2326 hoc
946 2292 1139 2337 imperante
1158 2292 1288 2326 Romae
1312 2295 1472 2325 versatus
1497 2292 1623 2326 multos
1645 2303 1749 2337 prae-

275 2337 389 2382 stigiis
414 2339 578 2383 deceptos
602 2337 639 2370 in
663 2349 759 2371 suam
783 2343 913 2372 sectam
937 2339 1128 2383 pertraxit‘
1163 2338 1200 2372 id
1225 2338 1316 2382 quod
1341 2337 1496 2371 Iustinus
1520 2338 1747 2383 philosophus

274 2388 311 2416 et
335 2390 468 2439 martyr
490 2384 527 2417 in
550 2383 755 2417 defensione
778 2384 959 2428 religionis
982 2390 1123 2418 nostrae
1146 2385 1189 2417 ad
1205 2382 1414 2417 Antoninum
1429 2383 1583 2418 deciarat
1598 2384 1652 2418 his
1667 2395 1748 2419 ver-

274 2426 359 2463 bis‘
362 2425 458 2474 post
487 2429 620 2464 domini
653 2430 689 2463 in
721 2430 853 2463 caelum
887 2431 1156 2484 assumptionem
1187 2430 1371 2464 daemones
1403 2429 1570 2473 quosdam
1594 2430 1748 2464 homines

274 2476 510 2510 subornarunt
532 2475 593 2520 qui
617 2486 655 2508 se
680 2475 765 2509 deos
790 2487 867 2509 esse
889 2476 1064 2510 dicerent.
1090 2476 1150 2521 qui
1173 2475 1260 2509 adeo
1284 2486 1304 2508 a
1333 2474 1432 2509 vobis
1458 2474 1549 2519 pulsi
1571 2487 1640 2509 non
1654 2481 1749 2521 sunt,

274 2526 315 2554 ut
339 2521 391 2554 eis
415 2522 576 2555 honorem
600 2521 808 2555 habueritis.
856 2532 999 2566 quorum
1024 2534 1044 2555 e
1068 2532 1209 2555 numero
1233 2520 1300 2554 fuit
1323 2520 1442 2554 Simon
1465 2521 1703 2556 Samaritanus
1727 2533 1749 2555 e

277 2577 366 2611 pago
391 2567 556 2601 Gittano·
591 2566 650 2612 qui
682 2578 757 2600 cum
790 2568 854 2600 sub
879 2567 1027 2601 Claudio
1051 2568 1204 2601 Caesare
1227 2566 1428 2600 daemonum
1451 2578 1560 2611 opera
1582 2566 1748 2617 miracula

276 2612 442 2646 edidisset
465 2613 500 2646 in
524 2613 612 2647 urbe
634 2619 754 2646 vestra
778 2613 1000 2656 imperatrice
1026 2613 1135 2647 Roma
1166 2612 1252 2646 deus
1279 2617 1332 2646 est
1363 2612 1499 2647 habitus
1524 2617 1561 2646 et
1584 2611 1716 2646 statua
1727 2624 1748 2646 a

277 2658 376 2690 vobis
401 2658 588 2692 honoratus
610 2659 647 2691 in
670 2658 793 2693 Tiberi
815 2659 925 2693 fluvio
949 2658 1064 2704 posita
1086 2658 1180 2692 inter
1202 2658 1290 2692 duos
1315 2663 1461 2703 pontes,
1493 2658 1551 2692 cui
1581 2658 1748 2694 Romanis

276 2702 403 2737 litteris
427 2704 633 2748 inscriptum
657 2708 713 2738 est
735 2704 867 2738 Simoni
890 2705 954 2739 deo
979 2700 1126 2739 sancto?

416 2748 540 2783 Petrus
581 2761 721 2795 quoque
754 2750 819 2786 sub
852 2750 1000 2786 Claudio
1030 2750 1161 2785 Romae
1200 2749 1366 2785 salutaris
1403 2748 1584 2796 praeconii
1619 2748 1748 2784 semina
