1794 3120
274 121 338 168 38
740 122 963 166 IOANNIS
991 123 1247 167 ZONARAE

406 233 474 276 ll.
543 234 650 284 Τοὺς
673 235 716 277 δὲ
736 239 809 290 τῆς
831 233 1033 290 Σιβύλλης
1050 236 1259 292 χρησμοὺς
1276 233 1493 288 εΡωμαίοις
1512 237 1582 278 καὶ
1601 234 1708 279 ἄκων

269 298 598 358 προσεποιήσατο.
665 303 762 357 γυνὴ
794 301 870 360 γάρ
902 321 963 354 τις
985 301 1220 357 θεόμαντις,Ι
1252 301 1303 357 ἢν
1326 302 1528 356 Σίβυλλαν
1549 301 1707 357 ὠνόμα-

269 371 356 420 ζον,
391 370 431 428 ξς
462 368 535 423 τὴν
551 368 715 425 ςΡώμην
748 368 919 425 ἐλήλυθε
950 372 1089 425 βιβλία
1118 371 1208 427 τριά
1230 369 1257 425 ἢ
1280 370 1388 412 ε’ννέα
1411 370 1611 428 φέρουσα,
1640 372 1708 412 καὶ

266 440 394 478 ταῦτα
424 437 624 495 πρίασθαι
655 441 712 496 τῷ
736 440 945 497 Ταρκυνίῳ
969 440 1100 481 ἐδίδου
1124 441 1189 481 καὶ
1212 437 1283 492 τὴν
1305 437 1423 493 τιμὴν
1444 442 1523 481 τῶν
1542 438 1709 492 βιβλίων

265 501 450 561 ὡρίσατο.
517 507 663 548 ἐκείνου
694 506 738 548 δὲ
769 507 825 562 μὴ
857 504 1171 563 προσεσχηκότος
1201 505 1326 562 αὐτῇ,
1360 505 1406 548 τὸ
1428 502 1471 547 ίἐν
1492 503 1522 560 ἢ
1539 505 1590 551 τὰ
1610 507 1734 563 ‘cola-'³

264 575 343 614 τῶν
364 572 531 626 βιβλίων
554 574 804 617 κατέκαυσεν.
847 572 902 624 ὥς
923 577 949 616 δ
953 574 966 591 ³
993 569 1115 624 αὖθις
1137 572 1402 630 κατωλιγώρει
1425 571 1580 628 αὗτῆςὸ
1595 575 1709 631 Ταρ-

266 637 417 690 κύνιος,
447 641 521 682 κάκ
543 646 621 683 τῶν
644 645 792 684 λοιπῶν
816 640 962 696 ὁμοίως
985 643 1203 699 διέφθειρε.
1268 636 1492 696 μελλούσης
1513 639 1558 684 δὲ
1573 638 1639 684 καὶ
1659 640 1711 685 τὰ

265 705 321 748 ἔτι
354 707 476 749 λοιπὰ
507 709 790 766 καταφλέξειν,
834 708 1062 765 ἠνάγκασαν
1094 709 1214 752 αὐτὸν
1247 709 1284 750 οἳ
1315 710 1522 752 οἷωνισταὶ·
1543 702 1596 751 “td
1617 711 1711 764 γοῦν

218 782 247 815 C
270 772 472 829 σωζόμενα
495 777 706 833 πρίασθαι.
773 779 838 819 καὶ
863 775 1041 831 ὠνήσατο
1071 782 1198 820 ταῦτα
1219 774 1314 819 ὅσου
1338 776 1390 819 τὰ
1411 768 1542 819 πάντα
1562 773 1712 831 κτήσα-

268 845 371 884 σθαι
403 841 560 896 ξ’μελλε,
595 846 661 886 καὶ
685 842 756 887 δύο
778 849 1012 897 βουλευταῖς
1034 843 1200 901 ἀνδράσι
1233 842 1451 900 φυλάσσειν
1472 840 1710 900 παρέδωκεν.
1722 852 1766 888 10

269 907 323 957 ὥς
346 911 372 949 δ
377 911 389 926 ³
417 910 463 951 οὗ
487 908 590 952 πάνυ
613 914 692 952 τῶν
715 911 992 966 γεγραμμένων
1013 914 1214 962 συνίεσαν,
1240 915 1295 963 εἰς
1315 912 1388 966 τὴν
1409 909 1585 954 Ἑλλάδα
1607 913 1710 955 στεί-

269 979 407 1025 λαντες
441 974 514 1018 δύο
547 976 696 1034 ἄνδρας
728 979 879 1020 ἐκεῖθεν
900 982 1054 1032 μισθοῦ
1074 978 1222 1034 ἤγαγον
1247 979 1340 1029 τοὺς
1362 980 1711 1036 ἀναγνωσομένους

267 1047 394 1085 ταῦτα
429 1046 495 1085 καὶ
528 1042 849 1101 ἕρμηνεύσοντας.
917 1046 955 1087 οἳ
987 1047 1030 1088 δὲ
1063 1047 1252 1103 περίοικοι
1283 1050 1431 1102 μαθεῖν
1453 1045 1712 1102 ἐθελήσαντες

268 1109 290 1153 ὅ
323 1128 363 1153 τι
394 1113 488 1154 ποτὲ
519 1113 564 1155 τὸ
600 1113 666 1154 διὰ
695 1117 774 1155 τῶν
806 1114 973 1166 βιβλίων
1005 1113 1067 1168 εἴη’
1086 1113 1348 1169 δηλούμενον,
1389 1113 1460 1157 τὸν
1481 1114 1612 1172 ἕτερον
1632 1118 1711 1156 τῶν

270 1177 555 1234 φυλασσόντων
602 1180 705 1222 αὐτὰ
750 1179 926 1236 Μάρκον
961 1181 1151 1224 Ἀκίλλιον
1187 1179 1393 1239 χρήμασιν
1436 1182 1713 1232 ἀναπείσαντες
1723 1191 1764 1227 15

268 1245 570 1303 μετεγράψαντό
605 1265 704 1290 τινα.
773 1249 1020 1303 γνωσθέντος
1052 1250 1096 1291 δὲ
1130 1253 1203 1292 τοῦ
1235 1250 1351 1305 ἔργου
1385 1247 1406 1292 ὅ
1430 1248 1608 1307 Μάρκος
1639 1249 1712 1292 δύο

268 1311 439 1369 βύρσαις
461 1318 746 1372 συρραφείσαις
767 1318 983 1371 ἐμβληθεὶς
1005 1316 1288 1372 κατεποντώθη
1302 1349 1315 1368 ,
1342 1317 1365 1360 ὃ
1381 1319 1423 1368 ἐξ
1438 1318 1584 1360 ἐκείνου
1596 1318 1711 1372 μετέ-
1778 1325 1784 1334 ’

269 1398 382 1423 πειτα
417 1383 518 1425 κατὰ
547 1387 625 1425 τῶν
659 1383 936 1439 πατροκτόνων
969 1384 1207 1440 ἐπεκράτησε
1239 1386 1443 1440 γίνεσθαι,
1473 1387 1542 1428 ἵνα
1562 1386 1662 1439 μήτε
1685 1384 1712 1439 ἦ

268 1454 318 1504 γῆ
339 1448 439 1504 μήτε
461 1451 505 1492 τὸ
527 1449 637 1508 ὕδωρ
659 1451 760 1506 μήτε
784 1450 804 1494 ὅ
828 1452 940 1507 ἥλιος
959 1457 1117 1510 μιανθῇ
1140 1453 1262 1495 αὐτοῦ
1286 1451 1541 1508 θνήσκοντος.

215 1523 244 1558 D
404 1517 487 1560 Τὸν
510 1519 553 1561 δὲ
574 1519 671 1562 νεὼν
693 1519 761 1562 τὸν
784 1522 824 1562 ἒν
845 1525 901 1577 τῷ
926 1523 1113 1578 Ταρπεΐῳ
1137 1520 1221 1577 ὄρει
1243 1521 1346 1563 κατὰ
1368 1521 1442 1576 τὴν
1465 1525 1537 1564 τοῦ
1558 1521 1765 1578 πατρός20

360 1647 381 1680 6
406 1643 574 1691 ὠλιγώρει
595 1648 668 1682 ΑΒ.
764 1648 806 1683 16
830 1644 960 1694 ἔργου]
985 1643 1067 1689 ἑνὸς
1081 1650 1122 1693 C,
1149 1643 1229 1689 ἑνὸς
1256 1645 1362 1692 ἔργου
1397 1649 1457 1683 W.
1489 1642 1594 1689 “fivdg
1614 1649 1713 1684 deest

359 1692 395 1725 in
416 1689 525 1737 Reg.”
548 1693 779 1728 Ducmams.
884 1691 1032 1739 βύρσαις
1054 1692 1121 1728 δύο
1144 1695 1219 1730 ΑΒ.
1319 1694 1365 1729 20
1391 1693 1583 1740 Ταρπεΐῳ]
1608 1708 1642 1741 p.
1667 1695 1711 1730 12

360 1748 393 1775 ν,
423 1739 469 1772 20
495 1743 531 1772 et
550 1739 591 1773 13
616 1750 649 1772 v.
673 1739 694 1774 6
722 1739 911 1783 Ταρπηΐας
934 1745 971 1774 et
996 1738 1179 1786 Ταρπηΐα.

403 1827 567 1864 Fomsss.
618 1828 702 1872 cap.
727 1830 782 1863 11.
835 1828 956 1862 Dionis
988 1828 1165 1863 Historiae
1199 1829 1380 1863 Romanae
1409 1829 1488 1863 libri
1519 1829 1708 1874 deperditi:

358 1878 557 1916 excerptum
583 1873 805 1907 Planmlcum
828 1875 860 1918 2,
886 1874 1104 1918 Scriptorum
1128 1880 1281 1908 veterum
1303 1886 1414 1908 novae
1437 1876 1645 1909 collectionis
1666 1877 1709 1910 ab

356 1919 515 1997 {1⁶23}an
518 1918 618 1997 Λέρνα
637 1920 751 1953 editae
774 1920 839 1955 vol.
853 1920 875 1953 2
895 1919 1034 1963 p.528;
1060 1930 1134 1956 exc.
1164 1920 1372 1954 Vaticanum
1395 1918 1416 1955 7
1438 1932 1475 1965 p.
1494 1920 1570 1963 139,
1594 1921 1709 1956 Peire·

405 2076 459 2109 11.
507 2075 692 2109 Caeterum
715 2075 853 2109 oracula
875 2074 1046 2119 Sibyllina
1068 2076 1123 2110 vel
1145 2075 1276 2110 invitus
1298 2077 1423 2121 populo
1443 2075 1595 2110 Romano
1618 2087 1709 2111 com-

270 2119 419 2161 paravit.
477 2121 595 2154 mulier
625 2121 711 2154 enim
745 2120 908 2165 quaedam
943 2121 1105 2162 fatidica,
1143 2131 1240 2164 quam
1276 2121 1446 2165 Sibyllam
1477 2122 1708 2167 nominabant,

268 2163 406 2198 Romam
438 2170 519 2201 tres⁴
545 2170 606 2199 aut
636 2177 756 2200 novem
790 2167 893 2200 libros
928 2166 1051 2200 allatos
1081 2166 1273 2210 Tarquinio
1305 2171 1398 2200 certo
1431 2168 1544 2211 pretio
1567 2169 1709 2202 venales

264 2203 460 2253 ‘proposuih
507 2210 564 2244 illo
596 2223 680 2245 vero
712 2223 785 2245 eam
821 2211 1016 2256 negligente
1049 2211 1106 2245 vel
1137 2222 1233 2245 unum
1264 2211 1319 2246 vel
1341 2215 1413 2245 tres
1434 2212 1540 2246 libros
1562 2214 1708 2247 exussit.

267 2259 308 2287 ut
329 2255 451 2289 iterum
477 2268 497 2290 a
521 2268 603 2300 rege
627 2257 789 2301 despecta
813 2262 878 2300 est,
903 2269 945 2291 ex
967 2257 1109 2301 reliquis
1133 2257 1275 2290 totidem
1300 2257 1464 2292 abolevit.
1500 2269 1572 2292 cum
1595 2263 1709 2293 autem

269 2311 327 2333 eos
363 2301 462 2335 etiam
491 2302 550 2346 qui
574 2303 751 2336 restabant
783 2307 973 2337 crematum
1004 2309 1114 2346 esset,
1148 2313 1294 2347 augures
1325 2314 1398 2336 eum
1421 2303 1570 2348 reliquos
1598 2315 1709 2338 emere

268 2351 465 2389 coegerunt.
514 2347 594 2381 emit
617 2348 725 2392 igitur
747 2348 837 2381 tanti
860 2348 981 2393 quanti
1002 2348 1181 2382 universos
1203 2359 1328 2392 parare
1351 2348 1541 2393 potuisset,
1564 2354 1602 2384 et.
1625 2350 1710 2384 duo-

267 2390 330 2424 bus
354 2393 568 2426 senatoribus
589 2394 817 2427 asservandos
839 2393 992 2430 tradidit.
1025 2393 1085 2438 qui
1104 2404 1176 2428 cum
1197 2394 1327 2439 scripta
1348 2394 1408 2427 illa
1430 2405 1496 2428 non
1519 2395 1604 2430 satis
1616 2406 1710 2429 asse-

268 2442 467 2481 querentur,
492 2437 577 2472 duos
601 2439 695 2472 viros
720 2451 738 2472 e
762 2440 910 2474 Graecia
933 2439 1086 2474 mercede
1110 2438 1366 2472 arcessiverunt
1387 2439 1447 2484 qui
1470 2451 1530 2474 eos
1554 2440 1710 2485 legerent

267 2485 371 2524 atque
392 2482 718 2529 interpretarentur.
764 2484 897 2518 finitimi
931 2489 1042 2519 autem
1073 2484 1297 2528 cognoscendi
1325 2485 1418 2518 avidi
1442 2485 1522 2529 quid
1546 2486 1590 2524 iis
1612 2485 1709 2520 libris

268 2528 511 2572 contineretur,
537 2530 643 2563 altero
668 2529 843 2563 custodum
863 2531 914 2564 M.
926 2529 1073 2575 Aquinio
1097 2529 1336 2573 largitionibus
1359 2536 1521 2574 corrupto
1542 2531 1709 2575 quaedam

266 2574 590 2618 transscripserunt.
636 2586 703 2619 quo
727 2575 881 2609 facinore
905 2575 1041 2620 cognito
1065 2575 1203 2609 Marcus
1224 2575 1321 2608 culeo
1345 2587 1388 2609 ex
1409 2576 1540 2610 duabus
1563 2576 1707 2620 pellibus

265 2616 357 2650 facto
381 2618 513 2654 insutus
540 2625 644 2665 atque
668 2621 861 2654 submersus
885 2626 949 2655 est.
994 2621 1028 2654 id
1050 2620 1213 2665 supplicii
1234 2632 1342 2665 genus
1366 2627 1444 2666 post
1466 2621 1502 2654 in
1524 2621 1708 2666 parricidis

264 2663 480 2699 observatum
494 2692 503 2709 ,
538 2670 577 2700 ut
608 2677 720 2710 neque
751 2673 848 2700 terra
872 2678 983 2712 neque
1005 2677 1094 2710 aqua
1117 2677 1227 2710 neque
1249 2666 1303 2699 sol
1326 2677 1442 2700 eorum
1465 2670 1575 2700 morte
1596 2666 1706 2710 inqui-

262 2714 416 2743 naretur.

397 2755 574 2801 Templum
598 2758 632 2790 in
655 2762 768 2791 monte
791 2758 943 2801 Tarpeio
968 2767 1010 2791 ex
1032 2757 1141 2802 patris
1165 2761 1247 2790 voto
1271 2755 1476 2791 aedificavit.
1526 2767 1601 2790 cum
1625 2767 1706 2790 vero
