1794 3120
640 125 922 173 ANNALIUM
955 123 1043 170 V'II
1074 124 1115 170 8.
1546 124 1609 172 27

145 258 226 289 των
254 259 299 287 τε
328 247 414 294 τοῒς
445 241 646 298 δεομένοις
676 241 918 299 μεταδιδοὺς
953 242 1018 284 καὶ
1052 237 1194 283 ἑαυτὸν
1227 237 1385 293 ἕτοιμον
1424 238 1608 297 παρέχων

145 313 188 357 εἴ
200 329 269 364 τις
301 311 429 356 δέοιτο
462 312 588 355 αὐτοῦ
622 313 677 362 εἷς
704 310 925 368 βοήθειαν·
962 313 1119 367 φαῦλον
1151 308 1198 351 δέ
1224 325 1263 350 τι
1295 307 1384 350 οὔτ’
1419 308 1611 366 ἔπραττεν

77 403 82 406 ·
144 380 236 426 οἵτ’
264 380 394 438 ἔλεγεν
416 380 568 428 οὐδενί.
629 382 695 423 καὶ
727 381 769 424 εἶ’
791 397 831 423 τι
861 376 963 437 πρός
994 394 1111 421 τινων
1144 372 1186 420 εὖ
1209 375 1392 432 ἕπασχεν,
1426 378 1540 435 ἐξῇρε
1563 378 1610 421 τὸ

141 447 361 508 γινόμενον,
397 451 431 493 εἰ
453 449 501 493 δέ
519 467 558 493 τι
580 450 648 491 καὶ
670 449 966 505 ἐπαχθέστερον
989 447 1102 504 αὐτῷ
1123 446 1298 503 γένοιτο,
1345 444 1372 499 ἢ
1398 445 1492 488 οὐδ’
1519 443 1621 489 ἐλο-’

108 533 134 572 ’5
144 520 268 576 νίζετο
291 519 336 562 τὸ
360 522 513 561 λυποῦν
532 516 560 573 ἢ
583 519 650 560 καὶ
674 518 877 576 φαυλίσας
899 517 1199 573 παρελογίζετο,
1247 514 1294 558 οὗ
1325 511 1450 569 μόνον
1472 531 1512 556 τε
1537 515 1610 557 οὐκ

142 587 316 644 ἠμύνετο
350 587 420 631 τὸν
452 583 702 642 λελυπηκότα
736 586 841 629 ἀλλὰ
872 587 938 628 καὶ
964 585 1175 642 εὐηργέτει.
1241 580 1399 632 τούτοις
1422 581 1545 626 αὐτόν
1566 601 1609 626 τε

141 657 213 699 τὸν
235 653 430 714 Μάρκιον
452 657 520 699 καὶ
543 655 637 706 τοὺς
661 657 750 712 περὶ
773 654 895 698 αὐτὸν
918 651 1181 712 ἐχειρώσατο,
1225 655 1292 696 καὶ
1317 651 1440 703 δόξαν
1463 652 1610 710 ἀνδρὸς
1629 657 1660 692 C

142 722 336 781 ἐκτήσατο
358 729 491 782 σοφοῦ
513 741 556 767 τε
580 725 647 767 καὶ
670 724 846 780 ἀγαθοῦ.

272 793 383 836 Ἀλλ’
412 793 460 836 οὗ
483 793 715 850 προσέμεινε
736 792 856 850 μέχρι
878 790 1018 842 τέλους
1041 790 1153 849 αὐτῷ
1183 788 1210 846 ἦ
1245 788 1467 847 ὑπόληψις.
1536 795 1612 835 τοῦ

12 862 16 868 ’
86 861 338 919 ΙοΜαρκίου
361 861 440 919 γὰρ
462 859 772 917 τελευτήσαντος
794 864 927 910 κακῶς
950 861 1039 918 περὶ
1062 859 1157 911 τοὺς
1179 860 1326 902 ἐκείνου
1351 862 1512 916 διετέθη
1534 860 1609 904 δύο

43 925 47 934 ’
138 931 260 983 υἱεῖς,
292 931 360 973 καὶ
381 930 456 986 τὴν
477 931 688 984 βασιλείαν
713 930 1010 987 ἐσφετερίσατο.
1079 933 1153 983 τῆς
1182 945 1225 971 τε
1256 928 1334 985 γάρ
1365 933 1519 984 βουλῆς
1541 932 1608 973 καὶ

135 1003 213 1043 τοῦ
251 997 385 1054 δήμου
425 998 521 1050 τοὺς
558 1003 632 1041 τοῦ
666 999 863 1055 Μαρκίου
904 998 1054 1046 παῖδας
1090 1003 1330 1054 χειροτονεῖν
1363 997 1605 1052 μελλόντων,

121 1058 286 1118 Υἐκεῖνος
313 1071 394 1110 τῶν
423 1071 653 1121 βουλευτῶν
675 1083 718 1109 τε
739 1066 836 1116 τοὺς
859 1062 1165 1115 δυνατωτάτους
1186 1069 1387 1120 μετῆλθε,
1423 1069 1492 1108 καὶ
1514 1068 1609 1118 τοὺς

18 1177 20 1180 ,
139 1134 346 1194 ὀρφανοὺς
379 1133 518 1193 πόρρω
553 1152 621 1178 ποι
653 1135 821 1190 πέμψας
857 1135 911 1184 εἷς
942 1132 1102 1190 θήραν,
1150 1131 1212 1183 οἷς
1248 1151 1289 1176 τε
1326 1132 1406 1177 εἶπε
1443 1138 1510 1177 καὶ
1548 1133 1608 1186 οἷς

18 1195 20 1200 ,
85 1215 129 1251 15
141 1203 309 1261 ἔπραξεν
343 1203 454 1262 αὐτῷ
485 1203 558 1258 τὴν
588 1205 797 1257 βασιλείαν
819 1203 1090 1259 ψηφίσασθαι
1112 1200 1423 1259 παρεσκεύασεν,
1459 1202 1514 1253 ὥς
1537 1205 1609 1246 ἇν-

135 1275 357 1331 δρωθεῖσιν
389 1272 514 1327 αυτὴν
545 1274 672 1327 δῆθεν
706 1277 790 1322 τοῖς
823 1272 962 1314 παισὶν
994 1269 1260 1314 ἀποδώσοντι.
1329 1272 1524 1328 ἐγκρατὴς
1564 1274 1609 1315 δὲ

76 1343 79 1346 ’
137 1340 342 1392 καταστὰς
374 1345 455 1384 τῶν
487 1339 736 1398 πραγμάτων
771 1338 877 1383 οὕτω
910 1340 1006 1390 τοὺς
1037 1337 1262 1395 Ῥωμαίους
1302 1341 1460 1384 διέθετο
1502 1340 1603 1385 ὥστε
1627 1346 1659 1381 D

135 1410 336 1466 μηδέποτε
357 1408 564 1465 ἐθελήσειν
586 1409 836 1453 ἀνθελέσθαι
858 1409 954 1459 τοὺς
976 1410 1125 1460 παῖδας
1147 1410 1318 1452 ἐκείνου·
1354 1412 1421 1452 καὶ
1445 1411 1496 1453 τὰ
1518 1429 1608 1466 μει-

138 1477 259 1537 ράκια
289 1479 335 1522 δὲ
357 1479 458 1536 πρὸς
479 1477 686 1539 ῥᾳστώνην
709 1479 855 1531 ἐθίζων
879 1476 954 1528 τάς
975 1470 1016 1520 τε
1039 1478 1180 1533 ψυχὰς
1203 1478 1336 1521 αὐτῶν
1360 1481 1427 1521 καὶ
1450 1479 1501 1522 τὰ
1525 1479 1607 1524 σώ-

26 1535 31 1552 ⁴
81 1561 128 1598 20
138 1541 252 1603 ματα
282 1547 357 1591 σὺν
386 1546 526 1606 χάριτι
553 1546 605 1604 δή
627 1565 703 1591 τινι
726 1546 907 1605 ἔφθειρε.
975 1547 1119 1598 δεδιὼς
1151 1548 1196 1590 δὲ
1230 1548 1298 1590 καὶ
1330 1546 1459 1599 οὕτως
1490 1548 1607 1604 ἔχων,

137 1615 254 1671 ἐσχῦν
286 1615 418 1675 ἐαυτῷ
448 1618 490 1660 ἐν
523 1621 581 1676 τῷ
611 1618 805 1674 συνεδρίῳ
837 1614 1158 1673 περιεποιήσατο.
1224 1617 1321 1666 τοὺς
1350 1617 1428 1674 γὰρ
1462 1620 1607 1675 φιλίως

136 1684 248 1743 αῧτῷ
281 1687 326 1728 ἐκ
355 1689 430 1728 τοῦ
465 1684 597 1741 δήμου
631 1686 903 1740 διακειμένους
934 1687 1021 1741 περὶ
1047 1687 1276 1736 διακοσίους
1298 1687 1340 1736 ἐς
1361 1686 1456 1736 τοὺς
1479 1687 1605 1729 εὐπα-

135 1754 276 1811 τρίδας
297 1754 492 1812 ἐνέγραψε
515 1757 582 1798 καὶ
605 1754 700 1806 τοὺς
720 1752 964 1810 βουλευτάς,
1011 1755 1078 1796 καὶ
1103 1753 1208 1798 οὕτω
1231 1753 1304 1810 τήν
1326 1771 1368 1797 τε
1390 1757 1603 1811 γερουσίαν

229 1893 253 1930 6
274 1891 432 1939 ἠμύνετο
457 1894 508 1940 Α,
533 1891 701 1941 ἠμύνατο
727 1897 807 1931 PW
831 1896 952 1932 Dionis
975 1908 1051 1934 exc.
1213 1897 1260 1933 14
1281 1895 1504 1944 προπέμψας
1525 1899 1599 1936 ΑΒ.

229 1941 276 1977 18
298 1938 479 1986 ἐθελήσοις
501 1942 543 1978 C.
637 1942 681 1979 19
706 1938 748 1976 δὲ
772 1954 825 1976 om
850 1943 894 1977 C.
954 1943 1000 1977 20
1022 1938 1087 1987 δὲ]
1111 1938 1183 1987 γάρ
1208 1944 1252 1978 C.
1314 1945 1359 1980 21
1385 1946 1532 1989 φιλίους
1556 1947 1600 1981 C.

226 1987 273 2022 22
296 1986 523 2032 διακοσίους]
548 1987 740 2033 Dionysius
762 1988 1084 2023 Halicarnassensis
1106 1988 1189 2024 Ant.
1214 1990 1237 2025 3
1263 1989 1308 2025 67
1333 1985 1476 2028 ἑκατόν.
1515 1993 1601 2027 toti-

226 2033 304 2068 dem
327 2033 451 2068 Livius
477 2036 496 2069 1
522 2033 582 2071 35.
674 2035 722 2070 23
743 2030 831 2074 τούς
852 2034 919 2068 add
941 2034 1048 2071 ABC.

131 2158 230 2193 tibus
252 2157 402 2194 libenter
423 2159 564 2195 ferebat
586 2171 708 2208 opem,
742 2160 865 2195 malum
888 2161 1042 2196 faciebat
1063 2159 1249 2197 dicebatve
1274 2163 1422 2198 nemini:
1456 2172 1602 2212 accepta

132 2204 305 2239 beneficia
327 2207 586 2252 exaggerabat,
617 2207 768 2241 offensas
794 2208 848 2242 vel
872 2207 1112 2242 dissimulabat
1134 2208 1190 2242 vel
1213 2213 1406 2244 extenuans
1430 2211 1602 2246 oblivioni

130 2251 334 2286 mandabat:
366 2263 428 2286 eos
461 2263 482 2286 a
516 2251 640 2298 quibus
673 2253 787 2287 laesus
821 2258 917 2288 esset
939 2254 1026 2288 adeo
1051 2265 1119 2288 non
1142 2254 1394 2300 ulciscebatur,
1431 2262 1471 2292 ut
1495 2258 1602 2292 etiam

131 2296 310 2332 beneflciis
333 2297 580 2334 demereretur.
628 2298 682 2333 his
706 2299 860 2334 moribus
887 2305 924 2334 et
947 2299 1114 2334 Marcium
1134 2300 1248 2346 ipsum
1272 2307 1309 2336 et
1330 2303 1448 2348 regios
1472 2304 1601 2339 amicos

133 2341 202 2378 sibi
223 2343 395 2388 devinxit,
418 2343 709 2380 existimationem
734 2346 802 2380 viri
825 2345 908 2380 boni
930 2350 968 2380 et
989 2346 1159 2391 sapientis
1183 2353 1401 2386 consecutus.

269 2389 356 2424 Eam
379 2402 466 2425 vero
488 2390 774 2426 existimationem
798 2403 866 2426 non
891 2397 1061 2438 perpetuo
1085 2395 1320 2429 conservavit.
1358 2395 1484 2430 Marcii
1506 2407 1603 2430 nam-

133 2444 203 2480 qne
224 2435 378 2470 defuncti
401 2437 537 2471 duobus
561 2437 641 2471 filiis
663 2437 816 2483 iniquum
843 2450 882 2472 se
905 2439 1081 2484 praebuit,
1105 2443 1228 2484 erepto
1252 2453 1375 2487 regno.
1410 2442 1501 2488 quod
1525 2454 1601 2477 cum

130 2479 199 2516 iuis
221 2486 364 2516 senatus
398 2483 614 2529 populusque
646 2483 825 2519 delaturus
857 2489 972 2528 esset,
1004 2485 1080 2531 ipse
1103 2488 1323 2522 senatoribus
1347 2488 1602 2533 potentissimis

131 2526 200 2562 sibi
224 2527 396 2563 adiunctis
419 2534 453 2564 et
473 2528 755 2565 adolescentibus
777 2531 896 2576 procul
920 2531 965 2565 ad
987 2531 1207 2566 venationem
1233 2535 1406 2580 ablegatis
1427 2534 1512 2568 nihil
1532 2547 1602 2569 non

133 2577 168 2608 et
193 2573 280 2608 dixit
303 2580 339 2608 et
360 2575 447 2609 fecit
469 2574 582 2610 donec
603 2587 747 2622 regnum
769 2577 1008 2623 impetrasset,
1044 2577 1081 2612 id
1105 2589 1144 2612 se
1170 2580 1306 2623 pueris,
1341 2581 1400 2614 ubi
1424 2581 1601 2615 adolevis-

131 2623 222 2663 sent,
245 2620 457 2655 redditurum
478 2622 673 2667 professus.
722 2634 834 2657 rerum
859 2627 974 2658 autem
1020 2623 1128 2659 otitus
1151 2625 1323 2660 Romanos
1346 2626 1396 2660 ita
1419 2627 1601 2670 tractavit,

132 2671 172 2700 ut
204 2667 321 2711 regios
353 2667 591 2703 adolescentes
623 2680 796 2714 nunquam
820 2669 887 2715 ipsi
911 2681 995 2715 prae
1011 2671 1105 2705 aturi
1130 2679 1268 2706 essent:
1302 2683 1445 2717 quorum
1472 2674 1602 2708 animos

132 2715 170 2746 et
191 2723 339 2759 corpora
364 2714 586 2748 assuetudine
609 2715 772 2760 ignaviae
796 2728 860 2761 per
884 2716 1110 2771 benignitatis
1136 2719 1286 2763 speciem
1312 2720 1479 2766 corrupit.
1526 2732 1601 2755 cum

132 2761 247 2792 autem
271 2770 332 2792 eos
357 2760 459 2793 etiam
482 2760 534 2794 sic
557 2766 737 2804 metueret,
763 2774 844 2796 suas
870 2774 954 2808 opes
976 2774 1011 2796 m
1036 2764 1179 2798 concilio
1202 2764 1311 2808 auxit,
1336 2766 1405 2801 200
1430 2778 1473 2800 ex
1499 2768 1603 2812 plebe

132 2801 249 2836 amicis
271 2804 307 2838 in
331 2805 496 2849 patricios
519 2811 556 2840 et
581 2812 761 2842 senatores
787 2808 905 2843 lectis=
938 2819 1008 2854 quo
1039 2813 1143 2855 pacto
1167 2817 1205 2845 et
1227 2815 1381 2846 senatum
1407 2817 1444 2847 et
1467 2814 1601 2859 plebem
