1794 3120
241 129 308 176 86
710 124 936 174 IOANNIS
958 122 1214 172 ZONARAE

241 240 464 301 βαρβάρων
494 239 684 296 βασιλεὺς
716 239 897 299 Βρέννος
922 242 988 284 καὶ
1029 239 1051 284 ὃ
1082 245 1162 284 τῶν
1187 238 1395 294 Ῥωμαίων
1422 235 1633 298 χιλίαρχος
1667 255 1688 284 ο

50 319 97 354 W
120 319 153 354 11
174 319 219 356 35
244 311 483 361 Σουλπίκιος
513 308 804 365 διειλέχθησαν.
877 311 944 352 καὶ
977 309 1159 360 συνέδοξε
1192 309 1326 364 χιλίας
1355 309 1494 366 λίτρας
1516 308 1690 365 χρυσέου

243 385 327 430 τοῖς
348 375 551 429 Γαλάταις
583 378 678 429 τοὺς
693 376 914 432 Ῥωμαίους
945 381 1206 432 καταβαλεῖν,
1249 377 1344 426 τοὺς
1375 377 1420 418 δὲ
1447 375 1494 419 τὸ
1522 377 1691 434 χρυσίον

240 445 438 502 λαβόντας
460 446 601 490 αὐτίκα
622 451 692 502 τῆς
715 444 867 496 πόλεως
888 447 955 488 καὶ
976 450 1050 501 τῆς
1067 443 1207 502 χώρας
1228 443 1520 499 ἀπαναστῆναι.
1571 459 1690 498 κομι-

241 517 409 566 σθέντος
441 515 487 557 δὲ
514 518 587 558 τοῦ
611 515 780 571 χρυσίου
793 545 807 567 ,
852 515 919 556 καὶ
949 518 1028 557 τῶν
1056 512 1279 571 βαρβάρων
1301 513 1391 570 περὶ
1412 508 1482 555 τὸν
1501 511 1724 567 σταθμόν5

188 587 219 622 D
241 581 564 640 κακουργούντων
585 581 738 639 λάθρα,
772 579 795 625 ὃ
818 581 991 639 Βρέννος
1011 581 1056 624 τὸ
1081 583 1197 638 ’ξίφος
1218 580 1304 635 ἅμα
1327 581 1395 622 καὶ
1415 579 1484 623 τὸν
1507 581 1693 637 ζωστῆρα

239 651 364 703 λύσας
396 651 566 706 ἐπέθηκε
595 657 680 700 τοῖς
710 653 925 704 σταθμοῖς.
989 649 1223 704 πυθομένου
1255 649 1301 691 δὲ
1328 652 1401 690 τοῦ
1420 644 1631 704 χιλιάρχου
1652 647 1695 690 τί

238 720 286 764 τὸ
316 717 544 775 γινόμενον,
571 716 643 761 “vl
673 717 802 760 fil-20²²
837 714 940 759 εἶπεν
963 715 1020 770 “ἢ
1051 724 1135 767 τοῖς
1161 716 1424 771 νενικημένοις
1443 713 1568 770 ὀδύνη
1577 715 1624 770 ‚·’>'
1649 715 1692 758 ἓν

238 786 395 838 τούτοις
424 785 445 829 ὃ
478 784 688 840 Κάμιλλος
718 784 826 841 ἄγων
856 784 925 828 τὸν
957 785 1129 842 στρατὸν
1156 790 1245 835 ταῖς
1275 782 1420 834 πύλαις
1450 783 1592 839 ἐπέστη
1621 786 1694 838 τῆς
1774 832 1780 838 ,

238 855 411 906 πόλεως·
446 855 514 896 καὶ
543 853 693 907 μαθὼν
720 853 773 896 τὰ
802 851 990 909 γινόμενα
1011 853 1114 910 πρὸς
1134 852 1230 903 τοὺς
1244 850 1465 907 Ῥωμαίους
1486 848 1689 908 ἔπειγὸμε-
1701 857 1746 896 10

111 926 124 945 ¹
237 940 306 972 νος
334 918 556 978 ἐπορεύετο.
584 942 587 946 <
622 921 690 961 καὶ
721 920 854 961 ἐλθὼν
884 919 931 960 τὸ
965 921 1039 972 μέν
1062 922 1230 977 χρυσίον
1253 919 1357 977 ὂίρας
1377 919 1457 962 ἀπὸ
1479 923 1551 962 τοῦ
1574 921 1695 975 ζυγοῦ

237 996 321 1039 τοῖς
342 988 556 1045 ὗπηρέταις
578 984 714 1038 ἔδωκε,
748 985 818 1028 τὸν
843 985 888 1029 δὲ
911 985 1026 1042 ζυγὸν
1048 988 1115 1028 καὶ
1136 987 1189 1029 τὰ
1211 986 1694 1040 σταθμὰτοῦςΚελῑ-σὸς

237 1054 437 1110 λαβόντας
472 1055 692 1111 ἀποχωρεῖν
723 1053 943 1106 ἐκέλευσεν,
985 1053 1105 1097 εἰπὼν
1138 1052 1194 1105 ὥς
1226 1051 1380 1112 σιδήρῳ
1413 1051 1581 1112 πάτριόν
1607 1056 1695 1098 ἐστι

230 1122 443 1178 Ῥωμαίοις
474 1124 547 1166 καὶ*
572 1122 618 1164 οὗ
644 1124 787 1180 χρυσῷ
818 1121 891 1176 τὴν
921 1123 1096 1179 πατρίδα
1127 1121 1279 1174 σώζειν.
1343 1124 1423 1165 τοῦ
1449 1121 1494 1164 δὲ
1515 1121 1693 1179 Βρέννου

238 1191 468 1235 ἀδικεῖσθαι
502 1188 726 1248 φάσκοντος
756 1190 950 1246 λυομένης
981 1195 1054 1244 τῆς
1086 1189 1319 1245 ὁμολογίας,
1353 1189 1530 1232 ἀπεῖπεν
1552 1187 1575 1233 ὃ
1600 1187 1748 1237 Kal-15

47 1265 76 1301 P
106 1266 125 1301 I
149 1265 219 1304 358
237 1264 378 1316 μιλλος
397 1277 400 1281 ·
408 1260 466 1315 μὴ
497 1260 639 1315 κυρίας
670 1254 770 1300 εἶναι
802 1258 876 1313 τὰς
906 1257 1114 1312 συνθήκας
1145 1258 1271 1301 αὐτοῦ
1289 1258 1348 1312 μὴ
1372 1256 1693 1315 συμπράξαντος,

236 1328 316 1384 ἤδη
340 1326 574 1383 δικτάτορος
606 1324 821 1383 ᾑρημένου.
887 1328 1108 1382 ταραχθεὶς
1139 1320 1211 1368 οὖν
1246 1324 1268 1368 ὅ
1290 1325 1464 1383 Βρέννος
1492 1326 1612 1384 μέχρι
1632 1330 1694 1377 ξι-

234 1398 435 1453 φουλκίας
461 1397 694 1452 προῆλθεν,
735 1391 846 1448 ὅμως
877 1394 921 1436 δὲ
951 1396 1007 1445 εἲς
1037 1394 1084 1437 τὸ
1108 1392 1376 1451 στρατόπεδον
1399 1391 1578 1450 ἀπήγαγε
1596 1388 1695 1445 Ιτοὺς

238 1461 417 1513 Κελτούς
433 1476 446 1486 ·
499 1460 577 1504 εἶτ’
602 1460 771 1505 ἐκλιπὼν
798 1460 872 1516 τὴν
895 1459 1009 1505 πόλιν
1030 1464 1096 1504 καὶ
1118 1463 1307 1512 σταδίους
1334 1460 1526 1517 ἑξήκοντα
1547 1465 1695 1519 προελὰ

236 1530 330 1574 θὼν
345 1527 713 1588 ἐστρατοπέδευσεν.
779 1527 867 1584 ἅμα
888 1529 930 1573 δ’
956 1527 1088 1590 ἡμέρα
1109 1534 1243 1587 παρῆν
1258 1528 1280 1572 ὃ
1302 1527 1512 1584 Κάμιλλος
1528 1530 1595 1573 ἐπ’
1615 1529 1748 1578 avi-20

238 1598 310 1641 τὸν
330 1592 633 1655 τεθαρρηκῦτας
661 1597 741 1652 ἤδη
765 1595 1005 1653 ἐπαγόμενος
1027 1598 1122 1648 τοὺς
1136 1596 1384 1653 Ῥωμαίους,
1419 1600 1486 1641 καὶ
1507 1598 1695 1656 τρέπεται

239 1666 335 1716 τοὺς
353 1667 593 1722 βαρβάρους
615 1662 726 1723 φόνῳ
749 1669 885 1723 πολλῷ
907 1667 974 1708 καὶ
996 1664 1192 1720 λαμβάνει
1215 1670 1331 1723 σφῶν
1346 1666 1392 1710 τὸ
1411 1665 1696 1724 στρατόπεδον.

377 1732 518 1783 Οὕτως
538 1729 715 1788 ἧῬώμη
737 1730 976 1791 παραλόγως
996 1732 1081 1789 ἥλω
1103 1736 1171 1777 καὶ
1187 1732 1325 1790 ἐσώθη
1342 1732 1695 1792 παραλογώτερον·

327 1873 351 1909 9
373 1868 502 1917 ἐπέστη
523 1872 630 1918 ABC,
653 1866 821 1914 ἐπέστησε
841 1872 930 1908 Pw.
1075 1873 1120 1908 12
1144 1869 1186 1907 6}
1210 1873 1276 1908 add
1299 1873 1374 1909 ΑΒ.
1467 1869 1472 1875 ’
1511 1872 1557 1911 17
1573 1883 1693 1917 παρα-

326 1915 432 1962 χθεὶς
456 1918 500 1954 Α.
638 1918 684 1954 18
705 1914 870 1962 ἀπήγαγε
893 1917 954 1954 ΑΒ
978 1917 1194 1962 Plutarchus,
1214 1916 1397 1965 προήγαγε
1418 1917 1508 1958 PW.

237 2050 358 2073 norum
380 2039 523 2074 tribuno
541 2039 697 2085 Sulpicio
716 2040 760 2075 de
782 2039 1024 2086 pacificatione
1044 2041 1280 2076 tractantibus
1302 2040 1465 2075 convenit
1485 2044 1525 2075 ut
1546 2041 1690 2076 Romam

238 2084 350 2118 Gallis
371 2084 460 2118 mille
482 2086 595 2130 pondo
620 2086 696 2119 auri
720 2089 947 2128 numerarent,
973 2086 1068 2120 Galli
1090 2099 1175 2122 vero
1199 2098 1283 2120 auro
1307 2091 1452 2132 accepto
1475 2087 1589 2121 statim
1605 2088 1693 2121 urbe

236 2140 393 2174 agroque
425 2131 580 2164 Romano
609 2131 833 2165 excederent.
878 2142 961 2165 auro
995 2133 1117 2176 allato,
1149 2132 1310 2167 barbaris
1338 2132 1375 2165 in
1404 2133 1582 2177 pensando
1607 2132 1693 2166 clem

234 2175 389 2208 fraudem
412 2176 639 2220 struentibus,
662 2177 820 2211 Brennus
842 2188 956 2211 ensem
974 2182 1010 2211 et
1032 2177 1182 2212 balteum
1205 2177 1307 2212 lateri
1329 2177 1500 2222 demptum
1526 2178 1694 2222 ponderi-

236 2220 302 2254 bus
323 2219 498 2264 imposuit.
545 2226 694 2265 rogante
726 2223 867 2266 tribuno
898 2223 980 2268 quid
1003 2223 1039 2256 id
1063 2229 1169 2267 esset,
1188 2219 1299 2268 “quid
1323 2219 1444 2257 aliud⁵³
1466 2223 1580 2268 inquit
1596 2219 1692 2257 “nisi

236 2265 339 2299 victis
361 2261 516 2299 dolor-‘3³’
561 2267 697 2301 interea
723 2267 887 2302 Camillus
916 2279 990 2302 cum
1014 2268 1169 2303 exercitu
1192 2269 1236 2302 ad
1257 2272 1376 2313 portas
1399 2268 1498 2302 urbis
1524 2268 1694 2310 accessitg

236 2315 275 2344 et
306 2314 402 2344 statu
434 2321 547 2344 rerum
578 2313 716 2357 cognito
749 2325 899 2358 propere
929 2314 974 2348 ad
995 2314 1166 2348 Romanos
1197 2315 1294 2358 abit,
1326 2325 1446 2348 aurum
1469 2314 1513 2347 de
1535 2314 1693 2348 lancibus

235 2356 407 2400 sublatum
440 2356 606 2391 ministris
639 2358 699 2392 dat
728 2359 974 2402 auferendum,
1006 2361 1125 2394 Gallos
1149 2370 1224 2393 cum
1244 2360 1400 2394 lancibus
1423 2364 1460 2393 et
1483 2359 1692 2404 ponderibus

236 2401 333 2434 abire
361 2402 484 2435 iussit:
518 2401 666 2436 Romani
697 2405 784 2438 enim
816 2405 922 2438 moris
952 2416 1029 2439 esse
1052 2407 1146 2439 ferro
1161 2431 1171 2450 ‚
1204 2416 1272 2439 non
1301 2416 1386 2439 auro
1417 2405 1565 2449 patriam
1586 2404 1692 2438 tueri.

234 2446 372 2480 Brenno
403 2452 635 2492 conquerente
659 2449 819 2484 iniuriam
841 2450 910 2485 sibi
930 2450 1007 2484 fieri
1037 2450 1068 2484 si
1101 2455 1205 2496 pacta
1232 2455 1494 2495 rumperentur,
1525 2449 1692 2484 Camillus

233 2492 413 2537 respondit
440 2496 543 2537 pacta
571 2493 671 2528 irrita
701 2506 797 2538 esse,
829 2500 870 2529 ut
894 2507 983 2541 quae
1005 2496 1102 2530 facta
1124 2497 1273 2529 fuissent
1296 2498 1427 2540 absque
1448 2507 1513 2529 suo
1537 2505 1691 2538 assensu,

232 2537 294 2581 qui
318 2538 386 2572 iam
409 2538 561 2573 dictator
583 2542 720 2574 creatus
746 2545 850 2575 esset.
899 2553 966 2587 quo
997 2552 1154 2576 sermone
1176 2542 1337 2576 turbatus
1360 2541 1518 2575 Brennus
1541 2551 1584 2574 eo
1607 2551 1690 2585 pro-

233 2583 342 2615 cessit
375 2587 416 2618 ut
448 2595 562 2618 ensem
591 2585 799 2630 stringeret3
831 2587 895 2620 sed
923 2592 1040 2620 tamen
1064 2587 1184 2620 Gallos
1214 2588 1250 2620 in
1281 2593 1399 2621 castra
1425 2586 1544 2629 duxit,
1579 2596 1692 2629 eaque

233 2627 359 2661 deinde
381 2630 504 2664 relicta
526 2631 612 2664 urbe
634 2631 679 2665 ad
702 2632 815 2666 stadia
828 2631 876 2666 60
896 2632 1081 2677 promovit.
1127 2643 1203 2666 cum
1219 2633 1362 2678 primum
1377 2632 1568 2674 diluxisset,
1591 2632 1694 2664 adest

234 2673 422 2718 Camillus,
453 2675 627 2710 Romanos
657 2677 725 2710 iam
757 2678 906 2712 fidentes
936 2677 1097 2722 adducit,
1121 2681 1158 2711 et
1180 2678 1340 2712 barbaris
1361 2689 1436 2712 cum
1459 2677 1564 2711 multa
1586 2676 1692 2711 caede

232 2717 427 2764 profligatis
450 2723 563 2756 castra
588 2725 750 2768 occupat.
1664 2729 1666 2732 ’

366 2765 429 2799 Sic
451 2766 561 2802 Roma
590 2772 694 2813 capta
726 2767 928 2804 mirabiliter
958 2772 997 2804 et
1018 2768 1147 2803 maiore
1170 2767 1335 2803 miraculo
1356 2768 1507 2803 liberata.
1527 2767 1692 2802 Camillus
