1820 3120
276 126 378 174 478
753 126 983 171 IoANle
1019 127 1280 172 ZONARAE
1347 98 1352 103 ’

275 239 411 294 ἐπειδὴ
443 239 510 281 καὶ
544 238 670 290 αὐτὸς
698 244 748 297 τῇ
774 241 931 298 Σαβίνῃ
963 238 1099 299 ἐῴκει,
1135 242 1278 298 καίπερ
1309 241 1544 304 Πυθαγόρᾳ
1578 245 1654 287 τινὶ
1690 245 1755 296 ἐξ·

277 308 478 366 ελευθὲρῳ
499 309 789 364 γεγαμημένος.
859 315 926 352 καὶ
951 311 1201 364 συνεγίνοντο
1224 310 1312 371 ἅμα
1335 316 1392 370 τῷ
1414 312 1575 368 Νέρωνι
1595 314 1755 355 Πυθα-

275 375 400 432 γόρας
421 377 494 429 μὲν
518 374 572 427 ὡς
595 375 719 434 ἀνήρ,
755 376 918 434 Σπόρος
952 379 996 420 δὲ
1029 375 1085 428 ὥς
1117 377 1230 434 γυνή.
1300 381 1368 421 καὶ
1399 378 1679 438 ἔκιθαρῴδησε
1709 381 1755 423 δὲ

277 445 475 503 δημοσίᾳ,
510 446 639 488 καίτοι
670 445 807 502 βραχὺ
841 448 906 488 καὶ
938 446 1064 499 μέλαν
1098 445 1276 503 φώνημα
1303 447 1418 502 ἔχων,
1453 450 1520 491 καὶ
1543 449 1663 506 ἓντῷ
1687 449 1753 491 ἴπ-

276 514 487 570 ποὸρομίῳ
510 511 862 570 ἡρματηλάτησεν.
894 556 897 558 ,
929 513 1163 570 ἐπεραιώθη
1189 517 1233 558 δὲ
1257 518 1325 559 καὶ
1347 516 1451 572 πρὸς
1471 517 1545 571 τὴν
1561 514 1789 568 Ἑλλάδα,5

277 580 390 623 οὗτοι
415 598 458 637 γε
483 579 540 632 ὥς
562 582 601 623 οἱ
624 581 811 638 πρόγονοι
836 582 986 634 αὐτοῦ,
1023 583 1119 625 ἀλλ’
1154 585 1216 626 ἐπὶ
1251 585 1415 641 ὀρχήσει
1445 587 1514 628 καὶ
1545 585 1609 628 ἐπὶ
1630 589 1758 628 κιθα-

278 647 454 706 ρῳδήσει
478 649 640 706 κηρύξει
665 667 706 693 τε
729 652 797 692 καὶ
821 653 1050 709 τραγῳδίας
1071 650 1291 706 ὑποκρίσει.
1338 653 1386 695 οὗ
1407 653 1488 711 γὰρ
1510 651 1624 710 ἤρκει
1647 653 1759 711 αὐτῷ

225 721 256 755 D
279 715 306 771 ἦ
334 716 491 772 Ῥώμη,
528 718 622 760 ἀλλ’
660 718 811 774 ἐδεήθη
849 721 917 762 καὶ
951 721 1229 778 ἐκστρατείας,
1267 722 1339 764 ἵνα
1369 723 1436 764 καὶ
1467 723 1759 779 περιοδονίκης,

278 783 335 836 ὥς
357 785 486 842 ἔλεγε,
521 787 693 842 γε’νηται.
1394 791 1402 800 “

409 854 532 897 Ἀλλὰ
555 857 598 897 τί
618 854 667 898 ἄν
689 873 751 906 τις
774 855 878 897 καθ’
905 856 1073 899 ἕκαστον
1096 857 1203 913 λέγοι
1226 862 1307 900 τῶν
1329 856 1430 914 παρ’
1457 858 1608 900 ἐκείνου
1625 865 1787 914 noar-1

278 922 480 977 τομε’νων,·
505 922 637 966 πάντα
660 924 737 980 γὰρ
764 922 903 973 ἅπλῶς
925 923 1003 967 ὅσα
1027 925 1065 967 οἳ
1087 924 1272 980 τυχόντες
1293 923 1597 982 ὑποκρίνονται,
1621 925 1760 968 κάκεῖ-

239 1039 243 1047 ,
276 1007 348 1040 νος
380 990 491 1046 ἔλεγέ
521 1009 562 1034 τε
596 994 663 1034 καὶ
697 992 866 1049 ἔπραττε
901 995 968 1035 καὶ
1003 992 1174 1048 ἔπασχε,
1210 995 1315 1049 πλὴν
1338 994 1444 1037 καθ’
1471 993 1568 1037 ὅσον
1586 999 1760 1051 χρυσαῒς

239 1050 241 1052 ’
277 1059 404 1101 ἐδεῖτο
429 1058 639 1103 ἁλύσεσιν·
676 1061 723 1103 οὗ
757 1061 835 1116 γὰρ
870 1060 1015 1117 ἔπρεπε
1035 1060 1246 1116 Ῥωμαίων
1270 1060 1551 1119 αὐτοκράτορα
1573 1063 1762 1118 σιδηραῖς

278 1129 454 1170 δεῖσθαι.
490 1128 741 1185 στρατιώτης
759 1131 803 1172 δέ
818 1147 879 1179 τις
897 1130 995 1172 {dcxiv
1014 1130 1139 1173 αὐτόν
1162 1148 1256 1174 ποτε
1282 1129 1760 1187 δεδεμένονήγανᾶκτησε

59 1205 108 1240 W
131 1205 168 1241 II
189 1204 256 1241 189
279 1197 346 1238 καὶ
379 1198 656 1253 προσδραμών
689 1198 839 1241 ἔλυσεν.
909 1199 1043 1254 ἕτερος
1075 1200 1140 1251 δέ,
1177 1200 1367 1256 ἐρομένου
1401 1198 1508 1250 τινὸς
1538 1201 1582 1242 τί
1598 1205 1709 1242 ποιεῖ
1734 1195 1789 1244 ὃῑ

280 1264 566 1322 αὐτοκράτωρ,
590 1266 831 1324 ἀπεκρίνατο
856 1264 917 1309 ὅτι
935 1265 1139 1309 “vind''
1163 1273 1345 1311 τοιοῦτον
1367 1267 1446 1324 γάρ
1469 1282 1507 1310 τι
1529 1265 1758 1325 ὑπεκρίνετο

279 1332 382 1377 τότε.
451 1333 602 1390 ἤρξατο
628 1336 673 1377 δὲ
707 1337 774 1377 καὶ
807 1334 877 1377 τὸν
906 1335 1076 1389 Ἰσθμὸν
1108 1341 1182 1392 τῆς
1212 1331 1528 1391 Πελοποννήσου
1558 1335 1758 1391 διορύξαι,

92 1409 122 1444 Ρ
145 1409 163 1444 I
188 1409 259 1447 5¹70
283 1403 424 1459 καίπερ
448 1408 529 1445 τῶν
563 1402 795 1460 ἀνθρώπων
827 1402 1063 1447 ὀκνούντων.
1132 1406 1271 1459 λαβὼν
1305 1401 1376 1448 οὖν
1405 1405 1528 1455 αὐτὸς
1559 1406 1758 1455 δίκελλαν,

281 1472 354 1513 καί
381 1488 420 1513 τι
454 1473 522 1513 καὶ
553 1471 823 1527 ἀνασκάψας,
859 1471 987 1515 ἔπεισε
1024 1475 1090 1515 καὶ
1128 1473 1225 1524 τοὺς
1260 1472 1411 1524 ἄλλους
1445 1471 1599 1530 ἀνάγκῃ
1636 1473 1760 1516 αὐτὸν

279 1537 562 1593 μιμήσασθαι.
632 1538 737 1594 αἷμα
771 1541 814 1583 δὲ
845 1546 931 1591 τοΐς
960 1539 1135 1597 πρώτοις
1167 1540 1396 1596 ἁψαμένοις
1417 1546 1490 1597 τῆς
1509 1545 1584 1597 γῆς
1605 1543 1820 1597 λέγεταιῧθ,

280 1606 511 1660 ἀναβλύσαι
544 1610 611 1651 καὶ
635 1609 815 1664 οἰμωγὰς
838 1611 905 1650 καὶ
927 1610 1177 1664 μυκηθμοῦς
1199 1610 1468 1661 ἐξακούεσθαι
1491 1613 1559 1652 καὶ
1583 1609 1762 1653 εἰδώλων

278 1676 469 1731 γενέσθαι
492 1679 721 1734 φαντασίαν
743 1681 917 1720 πολλῶν.

377 1826 420 1861 11
445 1824 573 1862 πάντα
596 1846 644 1853 —-
667 1828 712 1864 12
738 1823 889 1871 ἔπασχε,
919 1839 941 1863 a
963 1826 1144 1875 Xiphilino
1166 1828 1314 1873 omissa,
1341 1829 1472 1864 habent
1494 1829 1585 1868 Exo.
1607 1829 1762 1865 Peiresc.

376 1872 422 1907 14
444 1883 536 1908 ποτε
559 1885 612 1908 om
637 1874 668 1908 A
690 1873 907 1920 xiphilinus,
1049 1873 1092 1909 17
1118 1872 1385 1920 Πελοπονήσου
1408 1875 1498 1912 PW.

281 2007 437 2042 Sabinae
461 2010 556 2041 esset
580 2006 714 2052 similis,
738 2019 936 2053 quanquam
958 2008 1034 2054 ipse
1058 2009 1156 2043 Nero
1175 2009 1402 2055 Pythagorae
1427 2008 1551 2045 liberto
1573 2010 1763 2056 nupsisset.

280 2053 319 2087 hi
346 2055 414 2087 duo
437 2053 546 2097 igitur
569 2065 639 2088 una
663 2065 736 2088 rem
761 2054 938 2089 habebant
961 2066 1036 2089 cum
1062 2056 1216 2098 Nerone,
1242 2056 1460 2101 Pythagoras
1480 2062 1519 2090 ut
1538 2056 1606 2099 vir,
1629 2056 1783 2102 Sporus.

279 2103 321 2134 ut
336 2099 472 2134 mulier.
499 2099 640 2144 publice
665 2095 801 2135 cithara
825 2100 960 2143 cecinit,
987 2101 1144 2155 quamvis
1170 2102 1300 2146 exigua
1322 2108 1358 2136 et
1381 2102 1528 2137 obscura
1552 2114 1639 2138 voce
1661 2114 1765 2148 prae·
1783 2120 1794 2126 κ

280 2145 387 2180 ditus.
422 2145 457 2179 in
484 2146 577 2179 circo
603 2145 792 2190 aurigavit.
834 2146 971 2181 traiecit
995 2159 1032 2181 m
1058 2149 1253 2191 Graeciam,
1278 2159 1346 2182 non
1371 2151 1411 2182 ut
1437 2148 1585 2183 maiores
1609 2148 1676 2192 sui,
1701 2147 1764 2182 sed

281 2191 452 2236 saltandi,
489 2191 643 2226 citharae
675 2192 889 2246 pulsandae,
928 2193 1108 2238 praeconii
1136 2193 1284 2228 faciendi
1309 2193 1536 2239 agendaeque
1559 2193 1764 2239 tragoediae

280 2248 399 2271 causa.
450 2249 514 2272 nec
538 2237 628 2271 enim
653 2250 685 2271 e1
711 2239 820 2272 Roma
845 2238 932 2273 satis
958 2239 1070 2285 ampla
1094 2243 1192 2284 erat,
1225 2240 1286 2274 sed
1311 2239 1535 2284 expeditione
1559 2246 1638 2275 erat
1662 2251 1762 2286 opus,

279 2288 318 2318 ut
341 2283 601 2329 periodoniceS‚
627 2289 666 2317 ut
690 2284 816 2326 aiebat,
842 2286 1023 2320 evaderet.
1298 2288 1309 2308 ⁷²

421 2330 492 2363 Sed
516 2329 596 2375 quis
621 2329 758 2374 singula
782 2331 855 2365 eius
883 2332 978 2365 facta
1003 2329 1214 2365 enumeret?
1253 2342 1328 2365 nam
1354 2341 1423 2364 uno
1447 2331 1568 2374 verbo,
1596 2329 1764 2377 quicquid

279 2375 369 2410 viles
404 2375 592 2409 histriones
627 2380 919 2420 repraesentant,
956 2388 999 2411 ea
1023 2377 1137 2411 omnia
1159 2377 1236 2422 ipse
1260 2381 1297 2411 et
1320 2375 1463 2410 dicebat
1485 2383 1524 2411 et
1546 2377 1704 2411 faciebat
1727 2381 1764 2410 et

279 2421 467 2465 tolerabat,
498 2421 563 2455 nisi
587 2423 681 2466 quod
708 2423 824 2456 aureis
851 2423 985 2457 catenis
1011 2422 1248 2456 vinciebatur:
1273 2434 1351 2456 narn
1375 2423 1513 2457 ferreae
1531 2423 1762 2457 Romanorum

278 2467 523 2512 imperatorem
554 2467 644 2501 haud
679 2468 894 2502 decuissent.
944 2469 1131 2514 aliquando
1155 2467 1264 2513 igitur
1286 2468 1380 2502 miles
1406 2468 1557 2503 vinctum
1582 2468 1765 2514 conspica-

279 2517 336 2547 tus
368 2525 454 2557 prae
486 2513 727 2558 indignatione
758 2514 912 2548 accurrit
944 2526 1090 2560 eumque
1123 2514 1240 2549 solvit.
1288 2514 1376 2549 alius
1407 2514 1644 2559 interrogatus
1677 2513 1762 2558 quid

280 2563 404 2602 ageret
429 2559 633 2604 imperator,
659 2561 840 2605 respondit
865 2571 940 2594 eum
965 2560 1163 2606 parturire=
1187 2564 1322 2605 partum
1349 2560 1439 2594 enim
1463 2564 1534 2594 tum
1557 2569 1764 2604 repraesen-

280 2605 393 2638 tabat.
422 2605 538 2650 coepit
562 2605 667 2639 etiam
690 2607 855 2640 Isthmum
878 2606 1112 2651 Peloponnesi
1137 2606 1343 2651 perfodere:
1371 2617 1484 2651 aquo
1509 2616 1585 2640 cum
1609 2605 1762 2640 homines

281 2650 534 2694 abhorrerent,
568 2655 704 2697 sumpto
739 2652 858 2697 ligone
891 2652 969 2697 ipse
1003 2652 1127 2686 fodere
1157 2651 1295 2696 coepit,
1326 2651 1485 2697 idemque
1517 2662 1580 2686 suo
1605 2651 1761 2696 exemplo

279 2696 401 2729 facere
425 2700 583 2731 caeteros
608 2697 738 2743 coegit.
787 2699 903 2732 fertur
935 2701 1050 2732 autem
1082 2697 1225 2742 sanguis
1257 2697 1437 2732 ebulliisse
1471 2708 1547 2732 cnm
1571 2701 1666 2732 terra
1690 2697 1763 2742 pri-

281 2752 372 2775 mum
395 2745 618 2794 tangeretur,
645 2750 681 2779 et
704 2745 853 2790 gemitus
878 2749 914 2778 et
937 2744 1091 2789 mugitus
1117 2744 1304 2778 exauditus
1329 2755 1407 2778 esse
1431 2749 1469 2778 et
1491 2748 1629 2789 spectra
1653 2743 1762 2777 multa

280 2797 498 2834 apparuisse.
810 2799 816 2804 ·
1744 2795 1748 2802 ⁸
