1832 3126
259 99 317 143 12
721 98 947 143 IOANNIS
980 99 1237 144 ZONARAE

390 213 672 268 Τολμηθείσης
694 213 739 255 δὲ
760 218 831 269 τῆς
856 213 1039 270 ἁρπαγῆς
1062 214 1099 256 οἳ
1123 216 1302 267 Σαβῖνοι,
1336 215 1473 256 πολλοὶ
1495 215 1701 256 καὶ-πολε-

251 282 361 334 μικοὶ
384 279 492 330 ὄντες
512 282 578 322 καὶ
600 279 739 335 κώμας
761 281 1005 337 ἀτειχίστους
1027 284 1224 332 οἰκοῦντες
1248 281 1315 323 διὰ
1347 281 1393 324 τὸ
1417 283 1519 337 μέγα
1542 276 1700 339 φρονεῖν

253 348 308 398 ὡς
319 349 654 405 Λακεδαιμονίων
677 349 847 401 ἄποικοι,
871 351 1082 407 πρεσβείαν
1098 349 1198 407 πρὸς
1213 350 1282 392 τὸν
1293 348 1496 403 Ῥωμύλον
1513 350 1698 404 πεποίην-

251 435 331 468 ται,
355 421 473 460 λῦσαι
494 417 539 459 τὸ
563 422 633 472 τῆς
654 419 747 471 βίας
769 417 882 474 ἔργον
896 420 1113 473 ζητοῦντες,
1136 422 1277 460 πειθοῖ
1294 418 1336 459 δὲ
1359 415 1558 476 καὶινόμῳ
1570 415 1699 475 πράτ-

251 502 329 528 τειν
351 491 434 535 τοῖς
455 485 580 540 γένεσι
604 487 739 542 φιλίαν
761 488 827 528 καὶ
850 485 1083 541 οἰκειότητα.
1113 512 1115 515 ·
1152 490 1223 528 τοῦ
1246 485 1290 528 δὲ
1305 483 1512 539 Ῥωμύλου
1535 485 1733 540 τᾶςμὲνὸ
1768 482 1771 489 ’

196 561 226 596 C
251 551 373 610 κόρας
402 552 459 608 μὴ
484 554 714 610 προϊεμένου
729 586 741 605 ,
775 555 981 604 ἀξιοῦντος
1005 556 1048 597 δὲ
1069 554 1143 608 τὴν
1166 555 1372 596 κοινωνίαν
1395 554 1587 608 δέχεσθαι
1607 553 1702 603 τοὺς

252 623 463 675 Σαβίνους,
495 622 534 663 οἱ
555 623 627 675 μὲν
650 621 763 664 ἄλλοι
784 620 1065 676 βουλευόμενοι
1088 622 1310 677 διέτριβον,
1335 621 1489 678 ’Άκρων
1511 621 1555 664 δὲ
1577 618 1598 663 ὅ
1620 625 1701 675 βα-

251 690 382 739 σιλεὺς
422 694 501 732 τῶν
545 691 813 745 Καινηνιτῶν,
870 689 1093 746 θυμοειδὴς
1129 690 1228 746 ἀνὴρ
1267 692 1334 732 καὶ
1369 686 1702 744 πολεμικώτατος,

250 758 513 814 προεξανέστη
537 760 604 800 καὶ
626 759 728 812 μετὰ
751 763 899 813 πολλῆς
921 757 1060 815 ἐχώρει
1083 758 1291 811 δυνάμεως
1312 759 1376 800 ἐπὶ
1398 757 1467 800 τὸν
1483 754 1700 810 Ῥωμύλον.

251 824 353 879 ὃμοῢ
377 827 421 868 δὲ
431 825 629 881 γεγονότες
642 825 839 881 ἀλλήλους
861 828 1157 884 προῦκαλοῦντο
1180 825 1399 880 μάχεσθαι,
1424 823 1700 882 ἀτρεμούντων
1711 835 1757 871 10

249 899 329 936 τῶν
352 893 672 949 στρατευμάτων.
739 898 810 948 τῆς
832 899 928 949 γοῦν
951 896 1200 948 μονομαχίας
1223 895 1376 952 ἀμφοῖν
1396 893 1606 950 γενομένης
1627 910 1702 935 κα-

250 960 440 1014 ταβάλλει
456 962 528 1014 μὲν
546 959 566 1002 ὃ
586 959 789 1014 Ῥωμύλος
811 961 879 1003 τὸν
895 959 1091 1018 Ἄκρωνα,
1125 962 1308 1016 τρέπεται
1331 963 1375 1004 δὲ
1397 965 1464 1004 καὶ
1486 961 1531 1004 τὸ
1555 962 1702 1005 ἐκείνου

251 1027 480 1085 στράτευμα
503 1027 636 1083 μάχης
659 1030 1017 1085 συγκροτηθείσης·
1039 1030 1105 1070 καὶ
1128 1029 1201 1083 τὴν
1222 1027 1338 1070 πόλιν
1361 1029 1476 1084 αἶρεῒ,
1500 1029 1548 1072 οὗ
1567 1029 1703 1083 μέντοι

251 1097 343 1146 τούς
361 1098 400 1138 ἓν
429 1097 529 1153 αὐτῇ
553 1096 675 1138 κακόν
698 1114 735 1138 τι
761 1097 931 1149 διέθετο,
968 1096 1061 1138 ἀλλ’
1086 1095 1114 1151 ἢ
1135 1095 1259 1151 μόνον
1283 1097 1458 1139 ἐκέλευσε
1480 1095 1552 1146 τὰς
1576 1098 1702 1147 οἰκίας
1820 1145 1828 1155 q

252 1163 500 1214 καθελόντας
523 1165 759 1207 ἀκολουθεῖν
784 1168 839 1215 εἷς
864 1163 1022 1220 Ῥώμην
1045 1165 1154 1223 αὐτῷ
1166 1197 1178 1216 ,
1227 1163 1282 1215 ὥς
1304 1166 1468 1215 πολίτας
1490 1164 1702 1219 ἐσομένους
1712 1175 1756 1210 15
1806 1166 1832 1204 ’ἶ

251 1235 316 1274 καὶ
339 1237 419 1275 τῶν
442 1233 537 1275 ἴσων
562 1233 924 1288 ἀξιωθησομένους.

193 1302 225 1334 D
385 1299 485 1342 Εἶτα
508 1304 573 1342 καὶ
598 1301 711 1343 ἄλλοι
734 1306 813 1344 τῶν
836 1303 1021 1356 Σαβίνων
1043 1299 1355 1354 τοΐς“Ρωμαίοις
1374 1301 1618 1354 ἐμαχέσαντο
1636 1301 1703 1342 καὶ

248 1367 496 1424 ἡττήθησαν.
542 1371 603 1411 ἐπὶ
626 1368 780 1420 τούτοις
803 1370 840 1411 οἳ
863 1372 993 1412 λοιποὶ
1015 1375 1094 1412 τῶν
1114 1370 1298 1422 Σαβίνων
1320 1368 1390 1411 τὸν
1411 1368 1560 1411 Τάτιον
1577 1385 1702 1425 στρα-

248 1436 368 1492 τηγὸν
396 1437 672 1488 ἀποδείξαντες
704 1439 765 1480 ἐπὶ
800 1438 871 1492 τὴν
896 1436 1053 1493 Ῥώμην
1089 1436 1356 1494 ἐστράτευσαν
1385 1439 1452 1478 καὶ
1484 1436 1530 1479 τὸ
1563 1438 1701 1482 Καπι-

244 1503 387 1547 τώλιον
405 1503 510 1548 εἶλον
530 1507 821 1563 προδεδομένον
837 1505 915 1549 ὑπὸ
938 1510 1152 1562 Ταρπη·ι’“ας
1171 1510 1242 1561 τῆς
1256 1505 1461 1562 θυγατρὸς
1478 1509 1549 1548 τοῦ
1569 1517 1757 1562 ‹penu-20

75 1585 120 1618 W
144 1588 179 1622 Π
202 1588 224 1624 7
248 1571 416 1630 ράρχου.
484 1575 606 1629 ἐκείνη
629 1574 706 1630 γὰρ
732 1574 802 1631 ἐφ’
827 1573 937 1631 ὕδωρ
962 1578 1218 1618 κατελθοῦσα
1241 1572 1477 1630 συνελήφθη
1501 1573 1568 1615 καὶ
1590 1572 1700 1627 ἤχθη

246 1641 346 1698 πρὸς
380 1639 552 1692 Τάτιον,
595 1644 661 1685 καὶ
693 1642 909 1696 ἀνεπείσθη
941 1645 1157 1699 προδοῦναι
1181 1642 1226 1684 τὸ
1251 1641 1405 1698 ἔρυμα,
1440 1645 1519 1683 τιῢν
1538 1645 1700 1697 χρυσῶν

338 1750 362 1785 8
384 1748 580 1793 καιηνιτῶν
604 1749 646 1793 C,
670 1749 878 1792 Κενινητιῖγν
901 1749 1118 1783 Plutarchus,
1258 1750 1303 1784 10
1324 1744 1511 1792 γεγονότες
1533 1747 1623 1789 Ac,
1645 1757 1699 1789 γε-

337 1793 492 1839 γονότος
512 1795 602 1828 PW.
727 1791 1004 1838 προύκαλοῦντο
1026 1795 1058 1828 Α
1081 1794 1296 1837 Plutarchus,
1319 1794 1593 1835 προεκαλοῦντο
1608 1793 1696 1826 PW.

337 1842 381 1876 11
405 1839 647 1885 μονομαχίας]
669 1841 868 1884 μοναρχίας
889 1841 933 1874 Α.
1056 1841 1101 1875 14
1123 1837 1210 1880 τούς
1235 1841 1304 1874 add
1326 1839 1401 1873 AB.
1519 1839 1563 1873 15
1585 1838 1699 1872 καθε-

337 1882 460 1924 λόντες
483 1888 525 1921 Α.
664 1886 709 1919 18
732 1882 935 1930 στρατηγὸν
956 1882 1023 1920 τὸν
1045 1883 1171 1919 τάτιον
1193 1886 1266 1919 AB.
1404 1885 1450 1919 20
1467 1883 1625 1928 προὸιὸο
1641 1902 1698 1926 —-,

338 1932 482 1976 reliquis
514 1931 639 1965 litteris
671 1932 781 1964 erasis
811 1936 847 1964 et
869 1943 990 1964 recens
1015 1932 1193 1976 suppletis,
1217 1931 1260 1967 B.
1442 1930 1487 1965 21
1511 1925 1631 1973 ἐκείνη
1654 1946 1700 1954 —

339 1977 385 2012 22
410 1974 547 2010 Τάτιον
573 1988 642 2010 non
664 1976 770 2010 habet
789 1977 1006 2011 Plutarchus.

382 2067 439 2101 Ob
455 2067 490 2100 id
507 2067 640 2101 facinus
658 2066 790 2110 Sabini,
816 2065 984 2112 populosa
998 2077 1083 2111 gens
1097 2070 1134 2101 et
1148 2066 1321 2109 bellicosa,
1338 2065 1496 2110 quaeque
1512 2065 1557 2098 ob
1572 2064 1700 2098 animo-

246 2125 317 2147 rum
354 2113 642 2156 magnitudinem,
674 2118 712 2146 ut
745 2112 1090 2149 Lacedaemoniorum
1125 2111 1265 2145 colonos
1296 2123 1360 2157 par
1393 2117 1464 2154 est,
1491 2121 1600 2156 pagos
1623 2111 1699 2144 sine

246 2159 351 2193 muris
374 2158 570 2202 incolebat,
605 2170 667 2204 per
689 2159 820 2202 legatos
844 2170 865 2192 a
887 2158 1031 2192 Romulo
1055 2158 1232 2203 petierunt
1255 2160 1315 2200 ut,
1347 2156 1514 2191 violentia
1535 2155 1698 2200 rescissa,

249 2205 424 2239 voluntate
445 2209 482 2237 et
505 2204 582 2249 lege
605 2204 757 2238 amicitia
779 2205 872 2238 inter
893 2204 987 2249 ipsos
1011 2208 1046 2237 et
1069 2203 1221 2237 affinitas
1237 2203 1507 2237 contraheretur.
1554 2201 1698 2236 Romulo

248 2262 332 2285 vero
359 2250 487 2295 puellas
510 2261 578 2283 non
601 2250 779 2292 reddente,
804 2250 1082 2296 sed-postulante
1105 2253 1144 2282 ut
1168 2248 1292 2283 Sabini
1314 2249 1473 2293 coniugia
1498 2249 1698 2292 probarent,

246 2296 323 2331 aliis
347 2296 572 2329 consultando
600 2300 732 2341 tempus
759 2296 995 2340 trahentibus,
1018 2296 1132 2330 Acron
1155 2294 1420 2328 Caeninensium
1445 2306 1528 2337 rex,
1549 2294 1607 2327 vir
1628 2293 1697 2326 ira—

247 2343 378 2376 cundus
403 2347 438 2375 et
461 2342 748 2384 bellicosissimus,
777 2342 870 2386 prior
893 2342 995 2376 armis
1017 2340 1170 2385 arreptis
1191 2352 1330 2384 magnas
1353 2340 1470 2384 copias
1493 2344 1612 2373 contra
1625 2338 1695 2372 Ro-

247 2389 371 2422 mulum
395 2387 501 2422 ducit.
548 2399 623 2421 cum
646 2388 744 2421 ambo
763 2388 798 2420 in
815 2387 1006 2432 propinquo
1022 2391 1148 2430 essent,
1174 2391 1318 2430 uterque
1336 2386 1477 2419 alterum
1491 2386 1533 2419 ad
1550 2391 1698 2430 pugnam

247 2437 439 2479 provocat,
465 2433 719 2477 quiescentibus
744 2433 965 2467 exercitibus.
1010 2433 1048 2466 in
1073 2444 1114 2466 eo
1139 2431 1303 2476 singulari
1325 2431 1508 2465 certamine
1535 2431 1699 2465 Romulus

246 2481 414 2514 Acronem
439 2481 633 2521 obtruncat,
659 2479 905 2523 commissoque
928 2478 1058 2523 praelio
1081 2478 1155 2512 eius
1178 2477 1363 2511 exercitum
1386 2477 1502 2510 fundit
1517 2478 1697 2521 fugatque,

247 2527 365 2559 urbem
401 2525 517 2570 capit,
554 2537 665 2569 neque
696 2529 810 2558 tamen
845 2524 937 2558 cives
969 2524 1036 2558 alia
1065 2523 1162 2557 clade
1192 2523 1303 2557 afficit
1335 2534 1434 2567 quam
1458 2523 1549 2568 quod
1572 2522 1696 2556 dirutis

247 2572 390 2605 aedibus
417 2583 454 2605 se
477 2571 619 2604 Romam
644 2571 743 2613 sequi
765 2570 878 2612 iussit,
902 2570 996 2604 cives
1018 2571 1152 2604 futuros
1176 2574 1212 2603 et
1236 2579 1346 2613 aequo
1366 2569 1447 2612 jure
1469 2579 1604 2603 usuros.

382 2617 516 2650 Deinde
540 2617 641 2650 etiam
665 2616 741 2650 aliis
767 2615 906 2650 Sabinis
931 2617 1098 2650 Romanos
1122 2614 1212 2648 bello
1244 2615 1417 2658 aggressis
1450 2619 1486 2648 et
1514 2612 1699 2658 superatis,

247 2664 380 2697 demum
404 2662 528 2707 reliqui
542 2663 649 2696 Tatio
673 2662 759 2695 duce
785 2666 902 2695 creato
918 2662 1044 2696 Romae
1067 2661 1189 2695 bellum
1213 2659 1414 2703 intulerunt,
1439 2665 1472 2693 et
1490 2659 1699 2705 Capitolium

247 2721 268 2743 a
292 2709 468 2754 Tarpeia,
504 2709 576 2742 eius
601 2708 660 2752 qui
692 2708 763 2741 arci
785 2712 947 2752 praeerat
969 2708 1056 2750 filia,
1091 2705 1265 2750 proditum
1287 2709 1465 2749 ceperunt.
1513 2716 1602 2750 quae
1623 2717 1697 2738 cum

246 2766 368 2800 aquam
403 2755 545 2799 petitum
580 2759 676 2788 extra
707 2754 841 2788 moenia
876 2753 1026 2798 ivisset,
1062 2752 1106 2787 ad
1129 2751 1268 2786 Tatium
1302 2751 1472 2796 perducta
1495 2750 1699 2796 persuaderi
