1820 3120
221 91 322 136 616
697 90 926 134 IOANNIS
955 83 1217 155 ZO'NA'RAE
1266 86 1270 88 ’

222 207 290 247 καὶ
314 202 447 259 λόγοις
471 203 596 257 αὐτὴν
618 207 931 259 παρακλητικοΐς
967 206 1022 255 εἷς
1057 203 1182 258 ἀλκὴν
1216 204 1411 260 διεγείρας
1439 205 1506 268 κάξ
1539 197 1700 261 θάρσος

22 283 66 314 W
83 282 118 316 11
132 281 202 317 244
225 271 311 315 οἷον
334 269 559 325 ἐμπνεύσας
583 271 687 328 αὐτῇ
695 301 709 324 ψ,
744 270 887 322 ἴξεισιν
918 272 1043 322 εὐθὺς
1067 274 1134 314 καὶ
1164 272 1367 326 συμμίξας
1388 278 1476 323 τοῖς
1492 274 1699 327 πολεμίοις

222 344 314 400 νικᾷ
332 341 442 394 νίκην
460 344 684 396 περιφανῆ,
709 338 810 383 ὥστε
829 342 918 397 περὶ
938 338 1131 395 ἑξήκοντα
1143 339 1336 396 χιλιάδας
1353 333 1670 385 {utrm-motiv-

359 410 536 465 Περσῶν
561 409 605 450 δὲ
627 411 802 464 Ναρσοῦ
822 408 1131 462 βασιλεύοντος,
1156 409 1201 459 ὃς
1226 410 1400 463 ἕβδομος
1422 400 1699 467 ἅναγρᾶφὲται

222 480 462 531 βασιλεῦσαι
485 479 660 534 Περσῶν
686 477 764 519 ἀπὸ
783 477 1062 534 Ἀρταξέρξου,
1099 472 1146 520 οὗ
1170 476 1352 534 πρόσθεν
1374 475 1401 533 ἦ
1427 467 1506 532 τῆς·
1524 477 1736 535 ἷοτορίαςό
1782 532 1786 534 ¹

226 545 443 602 συγγραφὴ
477 543 769 600 ἐμνημόνευσεν
801 544 857 596 ὥς
891 541 1014 596 αὖθις
1044 547 1228 603 Πέρσαις
1263 546 1595 600 ἀνανεωσαμένου
1630 545 1704 600 τὴν

175 625 206 660 c
228 616 438 668 βασιλείαν
462 614 579 668 (μετὰ
603 615 682 670 γὰρ
707 614 776 657 τὸν
800 615 1065 671 Ἀρταξέρξην
1088 619 1230 658 τοῦτον
1252 614 1279 669 ἢ
1307 609 1571 671 Ἀρταξᾶρην,
1607 611 1706 657 διώ-

226 700 354 737 νυμον
378 681 496 734 ὅντα,
525 682 728 740 Σαπώρης
751 678 847 740 ἦρξε
870 685 1058 740 Περσῶν,
1095 686 1161 726 καὶ
1185 684 1274 738 μετ’
1302 685 1448 726 ἐκεῖνον
1465 681 1706 739 ζΟρμίσδοῑς,

228 750 314 794 εἶτα
341 749 634 808 Οὐαραράνης,
671 754 738 793 καὶ
760 751 864 806 μετὰ
887 756 1029 795 τοῦτον
1058 750 1356 809 Οὐαραράκης,
1390 755 1458 795 καὶ
1482 747 1607 802 αὖθις
1631 749 1707 793 ἄλ·
1746 772 1748 777 ·

227 824 298 870 λος
326 818 618 877 Οὖαραράνης,
654 823 721 862 καὶ
758 822 821 862 ἐπὶ
855 819 1012 871 τούτοις
1034 822 1249 878 Ναρσῆς),
1283 825 1356 863 τοῦ
1379 823 1554 876 Ναρσοῦ
1574 821 1706 863 τοίνυν
1718 827 1764 862 10

226 887 373 932 τούτου
397 888 486 931 τότε
510 890 584 943 τὴν
607 891 761 945 Συρίαν
784 890 1043 944 ληϊζομένου,
1079 890 1148 932 τὸν
1171 890 1274 932 ἴδιον
1295 888 1482 946 γαμβρὸν
1503 888 1573 931 τὸν
1595 889 1636 930 Γ
1633 891 1709 930 αλ-

229 958 361 1012 λέριον
393 960 631 1012 ΖΙῙαξιμῖνον
663 957 683 1000 ὁ
718 957 1034 1012 Διοκλητιανός,
1071 959 1139 1000 διὰ
1175 962 1247 1013 τῆς
1277 956 1490 1016 Αἰγύπτου
1522 957 1712 1007 ἔπὶτοὺς

232 1028 445 1077 Αἰθίοπας
489 1025 630 1078 ἀπιών,
679 1030 903 1080 συμβαλεῖν
944 1027 1056 1084 αὐτῷ
1096 1027 1199 1082 μετὰ
1240 1025 1449 1081 δυνάμεως
1489 1012 1710 1080 ἆξιομᾶχου

232 1096 468 1149 ἐξέπεμψεν.
538 1094 583 1145 ὃς
618 1097 684 1137 καὶ
717 1097 920 1150 συμμίξας
949 1102 1041 1146 τοῖς.
1055 1097 1239 1152 Πέρσαις
1269 1093 1430 1150 ἡττήθη
1462 1097 1529 1137 καὶ
1554 1094 1712 1152 ἔφυγεν.

236 1159 360 1214 αὖθις
385 1164 427 1205 δὲ
449 1163 552 1217 μετὰ
575 1165 755 1214 πλείονος
779 1165 900 1206 αὐτὸν
924 1162 945 1205 ὅ
970 1161 1262 1220 Διοκλητιανὸς
1285 1164 1481 1218 ἐξέπεμψε
1506 1166 1768 1220 στρατιᾶς.15

236 1232 460 1286 συμβαλὼν
483 1227 554 1274 οὖν
580 1233 718 1284 αὐτοῖς
739 1231 874 1284 πάλιν,
901 1231 1029 1283 oi'chg
1053 1235 1228 1288 ἐνίκησεν
1252 1223 1307 1283 ὧς
1330 1234 1395 1275 καὶ
1419 1232 1492 1286 τὴν
1515 1231 1716 1287 προτέραν

181 1308 213 1342 Ι)
237 1296 362 1357 ἧτταν
386 1301 735 1344 ἀνακαλέσασθαι.
787 1300 883 1352 τούς
904 1319 944 1344 τε
969 1302 1046 1358 γὰρ
1071 1304 1253 1351 πλείονας
1276 1301 1475 1344 ἀπέκτεινε
1497 1294 1580 1344 τῶν
1599 1301 1716 1356 Περ-

236 1375 333 1422 σῶν,
368 1373 435 1412 καὶ
466 1370 534 1412 τὸν
556 1373 730 1427 Ναρσῆν
763 1370 973 1427 τρωθέντα
1008 1370 1126 1427 μέχρι
1162 1374 1236 1425 τῆς
1268 1370 1480 1427 ἕνδοτέρας
1512 1363 1718 1426 Περσίδος

236 1440 396 1490 ἕὸίωκε,
432 1440 499 1480 καὶ
532 1438 606 1489 τὰς
636 1437 782 1481 τούτου
817 1445 1010 1494 γυναῖκας
1040 1442 1106 1481 καὶ
1139 1439 1233 1488 τοὺς
1264 1440 1413 1489 παῖδας
1443 1440 1510 1480 καὶ
1534 1431 1717 1494 ἀδελφὰς

237 1505 522 1562 αι’χμαλώτους
552 1506 755 1563 ἀπήγαγε,
790 1510 857 1549 καὶ
886 1506 1082 1564 χρήματα
1105 1506 1182 1550 ὅσα
1206 1505 1370 1563 ἐπήγετο
1395 1510 1574 1562 Ναρσῆς.
1588 1522 1714 1562 στρα-
1725 1513 1773 1547 20

235 1574 448 1630 τευόμενος
471 1574 736 1632 ἐχειρώσατο,
772 1578 838 1618 καὶ
871 1576 1046 1626 πολλοὺς
1079 1580 1158 1618 τῶν
1191 1577 1230 1617 ἐν
1253 1576 1438 1633 Πέρσαις
1470 1578 1715 1632 περιφανῶν.

238 1644 523 1702 ἀναρρωσθεὶς
559 1635 684 1686 δ”ἔκ
722 1649 795 1686 τοῦ
830 1644 1064 1700 τραύματος
1103 1643 1124 1686 ὃ
1158 1648 1331 1701 Ναρσῆς
1365 1644 1581 1702 πρεσβείας
1617 1643 1720 1700 πρὸς

329 1776 351 1809 5
375 1773 442 1818 τῆς
463 1770 627 1829 ἷστόρίας
650 1773 868 1819 συγγραφὴ]
906 1771 1051 1830 {crupta
1077 1775 1116 1808 A.
1264 1774 1286 1809 6
1311 1771 1621 1818 ἀνανεωσαμένου
1643 1772 1719 1817 AB,

331 1817 594 1864 ἀνανεούμενον
617 1821 709 1854 PW.
854 1821 876 1856 7
898 1833 922 1865 η
948 1821 1008 1854 ΑΒ
1022 1847 1031 1864 ,
1056 1815 1082 1864 ἢ
1105 1816 1171 1855 τὸν
1193 1820 1284 1854 PW.
1420 1821 1444 1857 8
1465 1818 1621 1865 ὁρμίδας
1643 1817 1719 1855 Bc,

331 1867 354 1902 9
382 1862 633 1910 Οὐαραροῖνης
654 1886 698 1891 -——
724 1861 835 1907 ἄλλος
858 1878 913 1901 om
937 1867 979 1904 A.
1039 1870 1043 1873 “
1146 1866 1189 1900 14
1214 1863 1377 1910 ἔπεμψεν
1400 1867 1445 1901 Α.
1612 1863 1656 1900 17
1679 1874 1719 1899 τε

332 1909 416 1956 γὰρ]
441 1923 480 1956 γε
505 1912 547 1947 B.
687 1913 728 1947 21
757 1908 949 1957 ἐπιφανῶν
972 1913 1015 1949 Α.
1156 1913 1202 1946 22
1225 1911 1422 1957 πρεσβείαν
1445 1912 1488 1949 Α.

243 2024 431 2069 gerendam
456 2024 575 2060 attulit
595 2037 637 2060 ac
660 2025 822 2061 fiduciam
847 2027 1018 2072 quandam
1042 2027 1142 2071 quasi
1164 2025 1366 2073 inspiravit,
1390 2025 1507 2060 statim
1522 2023 1626 2058 duxit
1640 2035 1724 2058 con-

240 2076 299 2105 tra
321 2071 454 2105 hostem
469 2097 479 2116 ‚
503 2075 610 2116 atque
632 2072 761 2107 illustri
783 2073 937 2108 victoria
961 2073 1095 2118 potitus
1120 2077 1194 2118 est,
1219 2073 1360 2108 circiter
1382 2071 1573 2116 sexaginta,
1587 2069 1723 2105 milibus

236 2117 503 2152 Alemannorum
526 2118 651 2155 caesis.
858 2148 861 2151 .

379 2163 481 2210 Apud
505 2164 631 2198 Persas
655 2169 769 2199 autem
794 2165 958 2209 regnavit
979 2165 1134 2209 Narses,
1167 2165 1228 2211 qui
1257 2163 1425 2209 septimus
1455 2162 1499 2196 ab
1522 2162 1721 2197 Artaxerxe

242 2214 461 2252 numeratur,
498 2211 598 2244 cuius
630 2221 737 2256 supra
766 2212 862 2245 facta
887 2217 942 2245 est
964 2212 1093 2245 mentio
1118 2215 1159 2246 ut
1181 2211 1283 2255 regni
1306 2208 1439 2243 Persici
1463 2207 1721 2242 instauratoris.

245 2266 323 2288 nam
347 2261 427 2300 post
449 2256 540 2290 hunc
563 2256 639 2291 sive
662 2258 891 2291 Artaxerxem
913 2258 991 2291 sive
1014 2259 1221 2292 Artaxarem
1256 2257 1426 2300 (utroque
1459 2254 1548 2288 enirn
1584 2252 1721 2287 nomine

246 2302 464 2346 appellatur)
491 2302 643 2347 Sapores
667 2303 786 2342 Persis
810 2303 1018 2349 imperavit:
1052 2304 1144 2338 hunc
1166 2301 1382 2343 Hormisdas,
1406 2299 1628 2334 Hormisdam
1653 2299 1724 2332 Va-

245 2358 402 2391 raranes,
427 2349 640 2382 Vararanem
664 2349 855 2383 Vararaces
880 2355 1021 2384 secutus
1044 2354 1118 2383 est:
1149 2350 1230 2384 huic
1253 2348 1341 2383 alius
1367 2348 1561 2395 Vararanes
1584 2355 1724 2379 succes-

248 2393 315 2436 sit,
351 2398 387 2428 et
420 2398 503 2439 post
532 2394 595 2429 hos
619 2395 753 2429 Narses
783 2395 959 2440 regnavit.
1005 2400 1127 2430 contra
1159 2396 1250 2429 hunc
1283 2394 1390 2438 igitur
1424 2393 1560 2427 Narsen
1583 2390 1724 2435 Syriam

247 2442 445 2474 vastantem
470 2440 718 2484 Diocletianus,
743 2453 807 2486 per
822 2445 1021 2487 Aegyptum
1044 2442 1081 2475 in
1099 2440 1319 2486 Aethiopiam
1343 2440 1535 2495 profectus,
1560 2447 1725 2490 generum

248 2485 426 2519 Galerium
458 2486 681 2520 Maximinum
714 2487 989 2532 [Maximianum]
1025 2499 1100 2522 cum
1130 2487 1234 2522 iustis
1266 2485 1375 2530 copiis
1410 2484 1523 2518 misit:
1559 2495 1580 2517 a
1602 2482 1725 2517 Persis

247 2530 378 2565 victum
403 2536 438 2566 et
461 2532 683 2577 profligatum
707 2545 782 2568 cum
808 2533 938 2568 maiore
962 2535 1116 2568 exercitu
1139 2531 1328 2577 ablegavit.
1378 2530 1491 2564 denuo
1521 2529 1630 2574 igitur
1663 2528 1726 2562 ho·

249 2581 322 2610 stes
357 2578 501 2611 adortus
535 2583 602 2612 tam
636 2577 806 2613 illustrem
840 2579 1022 2613 victoriam
1052 2581 1199 2624 adeptus
1230 2581 1306 2620 est,
1347 2583 1386 2611 ut
1417 2581 1581 2621 acceptae
1614 2574 1722 2608 cladis

248 2622 471 2666 ignominiam
496 2625 664 2658 aboleret.
712 2626 894 2666 Persarum
925 2626 1015 2659 enim
1047 2630 1183 2670 partem
1210 2623 1369 2657 maiorem
1395 2622 1538 2665 occidit,
1574 2620 1723 2654 Narsem

249 2668 469 2703 vulneratum
502 2681 613 2715 usque
645 2671 688 2706 ad
719 2671 919 2705 interiorem
942 2671 1099 2706 Persiam
1121 2674 1328 2717 persecutus
1351 2669 1424 2702 eius
1448 2678 1574 2702 uxores
1596 2666 1725 2700 liberos

249 2717 286 2747 et
308 2725 449 2748 sorores
474 2727 515 2749 ac
539 2716 662 2750 multos
685 2716 837 2751 illustres
861 2718 986 2751 Persas
1009 2718 1120 2763 cepit,
1145 2715 1304 2760 omnique
1330 2714 1478 2759 pecunia
1504 2725 1525 2748 a
1549 2712 1666 2746 Narse
1690 2711 1726 2744 in

248 2759 404 2795 militiam
437 2761 586 2797 advecta
619 2762 754 2809 potitus
790 2768 856 2799 est.
912 2764 1046 2798 Narses
1080 2773 1164 2797 vero
1200 2773 1243 2796 ex
1277 2761 1421 2796 vulnere
1453 2762 1632 2794 recreatus
1664 2764 1728 2803 pe'r

1809 3043 1820 3120 rada—fi
1816 3016 1820 3018 1
