1820 3120
274 120 370 167 140
722 124 949 174 IOANNIS
983 126 1255 175 zoNAR-AE·

266 235 423 292 γάγετο.
474 237 697 294 πυθόμενοι
722 242 768 284 δὲ
789 247 918 286 ταῦτα
936 243 975 285 οἶ
991 242 1189 298 εΡωμαῖοι
1213 245 1401 288 ναυτικὸν
1422 245 1729 303 συνεστήσαντο,

214 314 246 349 D
269 306 335 347 καὶ
359 303 483 348 Γάϊον
506 308 616 366 αὐτῷ
634 309 827 352 Δουῒλιον
849 311 918 354 τὸν
941 312 1075 369 ἕτερον
1098 316 1178 355 τῶν
1198 311 1362 355 ὗπάτων
1385 311 1625 371 ἐπέστησαν,
1658 317 1728 360 τὸν

266 374 312 415 δὲ
342 372 486 417 τούτου
525 375 775 434 συνάρχοντα
808 379 1034 435 Κορνήλιον
1064 380 1190 424 Γάϊον
1226 384 1282 431 εἷς
1310 383 1494 426 Σικελίαν
1526 383 1727 440 ἔπεμψαν.

266 440 311 491 ὃς
337 446 410 485 τοῦ
439 445 543 487 κατὰ
575 450 649 501 γῆν
678 447 853 500 πολέμου
877 446 922 489 ὃν
946 447 1190 506 ἐκεκλήρωτο
1215 447 1420 504 ἀμελήσας
1441 451 1727 510 raimmund—

264 527 356 561 σαις
383 511 492 570 αὐτῷ
524 516 664 557 ναυσὶν
694 516 736 565 ἐς
756 513 954 571 Λιπάραν
987 516 1174 560 ἔπλευσεν
1197 516 1252 568 ὡς
1273 519 1761 580 προδιδομένηρὶαῦτῷ·5

262 583 382 621 τοῦτο
416 581 456 622 δ’
492 582 538 624 ἐκ
573 581 695 625 δόλου
727 587 808 625 τῶν
841 585 1132 639 Καρχηδονίων
1165 587 1328 641 ἐγένετο.
1394 583 1452 637 ’ὥς
1482 582 1554 631 οὖν
1576 582 1727 644 ἦτ’-τὴν

261 646 462 706 Λιπάραν
484 652 777 707 καθωρμίσατο
789 683 802 702 ,
839 650 978 706 Βόδης
1003 653 1125 695 αὐτὸν
1150 652 1170 695 ὃ
1195 658 1268 696 τοῦ
1291 654 1475 708 Ἀννίβου
1506 659 1727 714 fleostomat-

258 731 371 769 χισεν
418 715 733 774 ὑποστράτηγος.
818 722 1219 776 παρασκευαζομένου
1262 723 1306 764 δὲ
1345 727 1418 766 τοῦ
1456 723 1499 764 Γ
1494 727 1585 767 α’ίόυ
1624 725 1728 782 πρὸς

261 782 432 837 ἄμυναν,
466 788 602 836 δείσας
624 788 770 836 ἐκεῖνος
792 786 865 842 τὴν
890 787 1082 831 ἀπόνοιαν
1106 789 1240 832 αὐτῶν
1262 792 1556 847 προεκαλέσπο
1581 792 1728 844 αὐτοὺς

262 854 318 901 εἷς
340 853 516 904 σπονδάς
530 868 540 879 ·
570 857 636 896 καὶ
660 857 799 905 πείσας
822 856 1058 910 ἀνεβίβασεν
1083 860 1138 908 εἷς
1160 858 1232 914 τὴν
1255 858 1401 902 ἑαυτοῦ
1422 858 1569 917 τριήρη
1588 859 1660 905 τόν
1682 879 1722 904 τε
1735 869 1781 905 10

260 917 414 962 ὕπατον
437 923 503 963 καὶ
526 922 620 972 τοὺς
638 921 875 979 χιλιάρχους
898 923 952 974 ὡς
975 929 1032 982 τῷ
1055 924 1245 984 ναυάρχῳ
1277 928 1589 982 ἐντευξομένους.
1658 931 1726 972 καὶ

260 987 427 1038 τούτους
458 991 531 1044 μὲν
564 994 619 1040 εἷς
643 990 892 1047 Καρχηδόνα
926 993 1191 1048 ἀπέπεμψαν,
1238 995 1334 1046 τοὺς
1364 997 1408 1039 δὲ
1437 997 1613 1048 λοιποὺς
1632 998 1726 1041 οὐδὲ

261 1056 485 1114 ἀραμένους
506 1059 557 1101 τὰ
581 1058 685 1101 ὅπλα
710 1058 826 1102 εἷλον.

75 1132 102 1165 Ρ
127 1131 145 1166 I
169 1132 240 1170 38⁷
401 1126 467 1168 ll.
537 1126 639 1169 Εἶτα
657 1128 838 1182 Ἀννίβας
859 1129 932 1182 μὲν
955 1129 1028 1182 τὴν
1047 1129 1220 1172 Ἰταλίαν
1242 1128 1430 1187 ἐπόρθει,
1458 1131 1651 1186 Ἀμίλκας
1681 1133 1725 1175 δὲ

261 1195 319 1243 εἷς
334 1192 524 1250 ’Έγεσταν
548 1195 820 1252 ἐστράτευσεν,
855 1198 896 1239 ἔν
918 1191 945 1254 ᾗ
968 1197 1012 1239 τὸ
1038 1201 1223 1240 πλεῖστον
1253 1203 1327 1242 τοῦ
1357 1200 1476 1251 πεζοῦ
1505 1206 1591 1250 τοῖς
1614 1198 1722 1243 Ῥω·
1734 1207 1778 1243 15

260 1263 396 1316 μαιόις
425 1257 497 1317 ἦν·
545 1262 605 1314 οἷς
647 1265 906 1321 ἐπικουρῆσαι
939 1264 1063 1307 Γάϊον
1097 1268 1306 1309 Καικίλιον
1333 1269 1545 1325 χιλίαρχον
1578 1267 1724 1324 ἐθελή-

259 1347 388 1373 σαντα
411 1329 588 1386 λοχήσας
611 1333 783 1383 πολλοὺς
805 1332 992 1389 ἐφόνευσε
1015 1338 1094 1376 τῶν
1118 1335 1254 1377 αὖτοῦ.
1306 1340 1434 1378 ταῦτα
1457 1337 1501 1378 δὲ
1521 1331 1725 1392 μαθόντες

261 1399 301 1440 οἱ
332 1400 373 1440 ἓν
405 1404 454 1456 τῇ
489 1398 632 1456 ζΡώμῃ
667 1401 736 1443 τὸν
767 1402 840 1455 μὲν
873 1399 1098 1455 ἀστυνόμον
1134 1403 1258 1453 εὐθὺς
1290 1404 1519 1459 ἐξέπεμψαν
1554 1407 1621 1447 καὶ
1653 1405 1724 1448 τὸν

260 1466 456 1510 Δουῖλιον
487 1467 751 1511 ἕπε’σπευσαν·
796 1467 817 1511 ὃ
850 1470 893 1511 δὲ
925 1471 965 1520 ἒς
996 1470 1067 1525 τὴν
1100 1473 1284 1514 Σικελίαν
1316 1471 1463 1524 ἐλθών,
1499 1474 1565 1515 καὶ
1584 1490 1724 1528 ,κατα-

256 1535 410 1589 μαθὼν
431 1536 505 1586 τὰς
526 1542 624 1587 ναῦς
647 1542 726 1580 τῶν
739 1539 1030 1593 Καρχηδονίων
1052 1543 1101 1595 τῇ
1124 1540 1196 1593 μὲν
1219 1539 1415 1595 παχύτητι
1439 1543 1504 1582 καὶ
1529 1546 1585 1600 τῷ
1603 1543 1778 1599 ,uest-20
1819 1567 1820 1583 ;

258 1607 328 1645 aa
361 1609 440 1647 τῶν
470 1609 585 1662 σφῶν
616 1606 927 1660 ἓλαττουμένας,
962 1611 1018 1664 τῷ
1050 1605 1161 1661 τάχει
1193 1609 1239 1655 δὲ
1269 1613 1339 1663 τῆς
1374 1609 1546 1667 εἰρεσίας
1573 1613 1639 1653 καὶ
1671 1615 1723 1668 τῇ

350 1733 374 1767 2
397 1730 544 1777 ἕτερον]
580 1731 646 1768 ἕνα
679 1734 721 1770 Α.
876 1737 899 1771 3
931 1736 1031 1770 immo
1064 1736 1215 1773 Γναῖον,
1354 1740 1378 1774 4
1409 1737 1477 1773 τοῦ
1509 1739 1578 1774 add
1610 1739 1719 1775 Aac.

351 1781 373 1815 6
397 1775 437 1813 δ’
468 1776 624 1823 ἐκδήλου
659 1779 699 1818 Β.
841 1781 863 1818 7
893 1779 1168 1825 καθωρμήσατο
1192 1783 1233 1816 Α.
1296 1814 1298 1817 ,
1373 1781 1523 1828 Βοώὸης
1546 1785 1720 1830 Polybio:

350 1826 547 1860 Niebuhrio
571 1827 715 1870 Bogud.
853 1827 877 1862 8
907 1827 1005 1861 immo
1040 1828 1191 1862 Γναίου.
1333 1828 1378 1864 18
1407 1825 1637 1875 ἀστυνόμον]
1672 1833 1719 1866 cf.

350 1883 386 1916 p.
415 1872 481 1907 159
504 1883 540 1906 v.
564 1871 587 1905 8
610 1870 675 1907 τὸν
697 1870 902 1917 στρατηγὸν
925 1869 991 1907 τὸν
1015 1868 1232 1917 ἀστυνόμον.
1348 1875 1393 1909 20
1417 1873 1483 1916 τοὶς
1504 1887 1543 1920 γε
1563 1877 1654 1917 ναῦς
1675 1877 1718 1912 Α.

348 1916 522 1962 ταχύτητι
544 1916 588 1952 Α.

395 1985 563 2021 ΡοΝΤΕε.
613 1985 699 2029 Cap.
731 1986 788 2020 11.
836 1985 964 2019 Dionis
996 1985 1174 2021 Historiae
1205 1988 1388 2024 Romanae
1416 1989 1496 2024 libra·
1527 1990 1719 2035 deperditi.-

350 2035 553 2075 excerptum
581 2031 792 2066 Vaticanum
814 2032 861 2068 62
882 2043 919 2076 p.
937 2030 1015 2068 182.

255 2143 512 2186 instruxerunt,
538 2143 594 2177 cui
618 2143 792 2178 consulum
818 2144 906 2177 alter
930 2144 974 2178 C.
999 2144 1146 2179 Duillius
1170 2150 1224 2179 est
1247 2147 1463 2191 praefectus,
1489 2147 1622 2193 collega
1643 2147 1718 2182 eius

254 2189 301 2224 C.
327 2188 506 2222 Cornelius
536 2189 572 2222 in
603 2189 756 2224 Siciliam
788 2190 924 2227 missus.
973 2190 1032 2235 qui
1057 2202 1131 2224 cum
1152 2191 1242 2225 bello
1265 2193 1440 2235 terrestri,
1463 2194 1555 2241 q¹¹9d
1578 2194 1720 2228 manda-

252 2237 328 2267 tum
353 2234 385 2267 ei
408 2235 534 2275 suerat,
561 2235 740 2279 neglecto,
769 2236 919 2270 navibus
942 2246 1026 2280 quas
1049 2236 1200 2271 habebat
1225 2237 1392 2283 Liparae,
1425 2249 1487 2284 spe
1509 2239 1718 2284 proditionis

251 2279 334 2313 dolo
356 2280 695 2325 Carthaginiensium
719 2283 831 2325 facta,
867 2282 1077 2327 appulisset,
1112 2293 1132 2316 a
1156 2282 1252 2317 Bode
1275 2284 1482 2318 Hannibalis
1514 2285 1630 2329 legato
1662 2291 1717 2320 est

252 2325 524 2360 circumventus.
574 2338 649 2361 cum
679 2332 792 2361 autem
825 2327 869 2361 ad
892 2327 1128 2362 defensionem
1151 2340 1188 2363 se
1211 2333 1370 2374 pararet,
1403 2330 1462 2364 ille
1485 2330 1715 2365 Romanorum

251 2371 433 2406 audaciam
467 2373 600 2407 veritus
632 2384 692 2407 eos
723 2373 767 2407 ad
791 2373 885 2418 pacis
909 2373 1123 2408 condiciones
1148 2375 1367 2419 provocavit.
1415 2387 1560 2421 cumque
1581 2377 1717 2411 consuli

250 2422 291 2451 set
323 2417 471 2452 tribunis
503 2418 645 2452 militum
676 2419 910 2463 persuasisset
932 2423 971 2453 ut
991 2419 1100 2465 ipsius
1123 2421 1295 2454 triremem
1320 2422 1611 2468 conscenderent,
1646 2433 1714 2468 quo

250 2474 332 2497 ‘cum
363 2464 540 2509 praefecto
574 2464 696 2498 classis
729 2465 1033 2511 colloquerentur‚¹
1063 2477 1122 2499 eos
1149 2467 1394 2512 Carthaginem
1416 2468 1524 2503 misit:
1558 2473 1714 2503 caeteros

254 2519 322 2543 non
342 2514 579 2555 repugnantes
603 2511 709 2555 cepit.
1574 2536 1578 2546 .

393 2558 447 2590 11.
494 2556 669 2590 Hannibal
694 2556 822 2591 deinde
845 2557 981 2592 Italiam
1004 2556 1181 2591 vastavit=
1205 2558 1381 2592 Hamilcar
1397 2559 1578 2603 Segestam
1599 2558 1714 2603 petiit,

251 2600 315 2633 ubi
336 2602 481 2635 maxima
503 2613 585 2647 pars
608 2602 756 2636 Romani
782 2603 956 2648 peditatus
980 2606 1076 2645 erat3
1101 2607 1138 2637 et
1160 2603 1204 2637 C.
1231 2605 1383 2638 Caecilio
1410 2605 1549 2639 tribuno
1572 2603 1714 2638 militum

249 2655 353 2689 opem
368 2647 436 2682 illis
453 2648 547 2682 ferre
562 2648 692 2682 volenti
707 2660 770 2692 per
781 2649 922 2684 insidias
936 2650 1056 2683 multos
1071 2649 1197 2683 milites
1214 2650 1348 2684 occidit.
1374 2651 1428 2685 his
1438 2649 1582 2684 Romani
1595 2650 1714 2695 cogni-
1758 2668 1760 2670 v

252 2690 296 2724 tis
321 2698 516 2738 praetorem
541 2695 706 2728 urbanum
731 2695 848 2729 statim
872 2695 1074 2741 ablegarunt
1097 2699 1134 2729 et·
1151 2695 1314 2730 Duillium
1332 2702 1504 2733 maturare
1522 2695 1710 2731 iusserunt.

247 2737 312 2782 qui
335 2749 409 2772 cum
434 2739 469 2772 in
489 2739 643 2773 Siciliam
665 2740 832 2784 venisset,
856 2753 1032 2786 navesque
1056 2741 1394 2786 Carthaginiensium
1419 2741 1652 2776 crassitudine
1675 2744 1713 2774 et

248 2784 487 2828 magnitudine
503 2785 666 2820 Romanis
681 2785 865 2821 inferiores
889 2787 948 2822 sed
972 2786 1150 2821 celeritate
1172 2788 1307 2833 remigii
1330 2793 1366 2823 et
1387 2787 1576 2834 navigandi
1598 2786 1711 2821 varie-
