1820 3120
275 76 377 126 384
747 70 977 119 IOANNIS
1008 70 1271 119 ZONARAE

272 208 446 243 σαντας,
488 188 550 240 ὥς
576 189 621 232 δὲ
652 190 719 232 καὶ
753 206 791 232 οι
824 187 942 231 α’λλοι
976 187 1180 240 ἐνέκειντο,
1223 190 1292 231 καὶ
1327 189 1422 240 τους
1457 189 1625 234 δέκατον
1659 189 1749 242 ἴτυς

272 258 647 317 στρατευσαμένους
670 260 879 316 διαφῆκεν,
914 255 1035 299 εἷπων
1069 254 1126 306 ὥς
1157 256 1333 299 οὗδενὶ’
1319 257 1380 300 ἐτ’
1416 258 1550 308 αὐτῶν
1577 259 1670 303 οὐδ’
1698 275 1749 302 αν

274 330 328 372 τὰ
349 325 528 382 μάλιστα
551 325 776 380 ἐθελήσωσι
795 324 1005 383 χρήσεται.
1060 324 1082 367 ὃ
1108 323 1352 376 ἀκούσαντες
1373 325 1526 370 οὐδέν’
1511 327 1570 371 ε’τι
1593 327 1748 386 ἐφθέγ-

898 392 968 408 u’l

273 401 408 448 ξαντο,
445 394 550 437 ἀλλὰ
574 395 782 452 προσέχειν
806 395 915 451 αὗτῳ
939 397 1128 449 ηρξαντο.

412 465 496 506 Καὶ
529 462 619 507 τότε
653 464 728 517 μὲν
757 463 808 505 τὰ
840 464 882 504 ἐν
915 465 966 518 τῇ
988 463 1150 504 Σικελία
1181 459 1356 520 διώκησε
1387 463 1453 504 καὶ
1485 461 1558 516 τὴν
1577 459 1783 518 Λιβύηνε)

220 541 251 575 C
270 531 467 589 ἑκατέραν
489 533 656 587 πέμψας
679 532 825 585 ἀμαχεὶ
850 529 1157 586 παρεστήσατο,
1204 532 1269 572 καὶ
1293 530 1332 572 οἱ
1355 531 1395 572 ἓν
1418 547 1467 587 τη
1487 527 1623 594 Ῥώμῃ
1645 534 1749 574 πολ-

274 601 349 652 λὰς
380 601 490 658 αὐτῷ
525 600 647 654 τιμὰς
679 601 957 655 ἐψηφίσαντο·
1002 599 1150 649 Σέξτος
1173 599 1218 640 δὲ
1241 601 1284 641 ἐκ
1306 602 1380 653 τῆς
1402 591 1626 654 Μεσσήνης
1648 599 1750 642 ἄνα-

270 672 410 724 χθείς,
454 667 715 723 ὑποτοπήσας
751 668 795 710 δὲ
832 669 1061 721 διωχθῆναι
1095 666 1122 722 ἢ
1158 669 1226 709 καὶ
1263 668 1518 723 προδοθῆναι
1552 665 1631 710 ὕπὸ
1669 671 1750 711 τῶν

275 737 491 788 συνόντων,
527 744 690 793 προεῖπε
713 737 786 790 μὲν
810 735 880 778 διὰ
904 740 978 778 τοῦ
1000 734 1198 791 πελάγους
1221 734 1417 787 πλεύσειν,
1453 735 1684 790 ἀποσβέσας
1706 735 1759 795 δὲ

274 805 344 849 τὸν
378 805 534 861 πυρσὸν
567 805 612 847 ὃν
646 805 688 847 αἶ
719 805 981 861 στρατηγίδες
1010 803 1186 861 τριήρεις
1217 802 1272 854 ὥς
1293 805 1359 846 καὶ
1384 804 1426 846 αἱ
1449 805 1586 847 λοιπαὶ
1609 803 1781 855 αὗταῖςῙ

274 875 501 931 ἐφέπωνται
527 875 753 931 φαίνουσιν,
790 875 845 923 εἷς
867 874 1130 930 Κεφαληνίαν
1155 873 1436 916 κατέπλευσεν·
1472 872 1576 915 ἔνθα
1607 874 1675 915 καὶ
1712 873 1751 916 οἳ

274 944 406 985 λοιποὶ
438 943 541 984 κατὰ
573 941 697 997 τύχην
727 940 805 984 ὑπὸ
836 945 1036 996 χειμῶνος
1059 939 1288 991 ἐκπεσόντες
1312 936 1436 993 αὖθις
1457 940 1568 999 αὐτῷ
1591 941 1753 998 συνεγέ-

273 1028 403 1054 νοντο.
456 1011 705 1066 συγκαλέσας
729 1005 800 1052 οὖν
824 1010 972 1060 αὐτοὺς
994 1012 1061 1051 καὶ
1085 1010 1130 1052 τὸ
1155 1010 1421 1066 στρατηγικὸν
1444 1007 1753 1065 ἀποδυσάμενος

274 1078 428 1133 ἔνδυμα
460 1079 565 1121 ἄλλα
598 1097 640 1122 τε
674 1078 756 1122 εἶπε
781 1080 847 1120 καὶ
872 1077 934 1121 ὅτι
958 1077 1110 1135 ἀθρόοι
1131 1078 1205 1132 μὲν
1228 1077 1338 1129 ὄντες
1360 1079 1408 1121 οὗ
1432 1077 1627 1132 λήσουσι,
1657 1094 1751 1130 σκε-

221 1158 254 1193 D
280 1148 498 1198 δασθέντες
530 1148 573 1189 δὲ
605 1146 691 1207 ῥᾴω
714 1145 950 1202 ποιήσονται
981 1147 1054 1202 τὴν
1086 1145 1308 1204 διάφευξιν.
1374 1147 1595 1190 κάντεῦθεν
1617 1145 1751 1190 ἄλλων
1762 1155 1807 1192 15

275 1216 422 1260 ἄλλοσε
446 1215 798 1271 ἀποχωρησάντων
822 1215 945 1266 αὐτὸς
967 1216 1008 1265 ἐς
1030 1215 1103 1271 τὴν
1129 1216 1267 1258 Ἀσίαν
1300 1213 1557 1272 ἐπεραιώθη,
1590 1213 1753 1271 γνώμης

275 1284 332 1328 ὢν
356 1283 534 1342 ὁρμῆσαι
565 1285 668 1341 πρὸς
699 1284 768 1327 τὸν
792 1282 1016 1326 Ἀντώνιον.
1085 1285 1127 1326 ἓν
1156 1285 1316 1342 Λέσβῳ
1348 1285 1394 1327 δὲ
1422 1283 1575 1339 μαθὼν
1605 1284 1752 1327 ἐκεῖνον

270 1354 345 1408 μὲν
369 1355 409 1404 ἐς
432 1352 610 1407 Μήδους
632 1357 897 1409 στρατεῦσαι,
933 1356 1251 1406 πεπολεμῶσθαι
1285 1353 1330 1395 δὲ
1362 1352 1432 1396 τὸν
1456 1353 1650 1409 Καίσαρα
1682 1353 1752 1395 καὶ

272 1421 344 1464 τὸν
365 1422 567 1472 Λέπιδον,
601 1424 669 1463 καὶ
692 1422 858 1471 ἐλπίσας
880 1421 953 1475 τὴν
979 1425 1053 1463 τοῦ
1067 1421 1279 1463 Ἀντωνίου
1304 1421 1434 1477 ἀρχὴν
1466 1421 1750 1472 διαδέξασθαι,

272 1488 319 1533 τό
343 1507 384 1532 τε
408 1491 674 1546 στρατηγικὸν
698 1490 868 1543 ἀνέλαβε
891 1494 1030 1544 σχῆμα
1054 1491 1121 1531 καὶ
1144 1488 1458 1546 παρεσκευάζετο
1491 1487 1547 1539 ὥς
1574 1491 1642 1532 καὶ
1675 1490 1807 1543 τὴν20

272 1559 442 1614 περαίαν
475 1557 825 1613 καταληψόμενος.
893 1557 1113 1600 κάντεῦθεν
1145 1562 1219 1600 τοῦ
1245 1558 1456 1602 Ἀντωνίου
1488 1557 1541 1600 τὰ
1572 1556 1751 1616 πραττό-

271 1644 374 1681 μενα
405 1625 480 1670 ὑπ’
516 1626 642 1670 αὐτοῦ
674 1625 859 1683 γνόντος,
894 1624 1035 1669 ἄδειάν
1070 1643 1112 1670 τε
1149 1626 1262 1686 αὐτῷ
1296 1629 1364 1670 καὶ
1400 1626 1571 1679 εὔνοιαν,
1616 1625 1667 1670 ἂν
1698 1625 1750 1670 τὰ
1819 1635 1820 1673 l

365 1780 389 1814 2
423 1776 538 1814 εἰπὼν
569 1791 622 1814 om
657 1779 699 1815 B.
886 1780 931 1815 12
965 1776 1180 1820 ἐκπεσόντες
1213 1779 1244 1814 Α
1276 1779 1362 1824 Dio,
1395 1776 1625 1820 εἰσπεσόντες
1657 1779 1748 1816 PW.

365 1825 410 1860 13
434 1821 696 1880 στρατιωτικὸν
717 1824 749 1859 Α
769 1835 845 1860 cum
867 1825 994 1864 Dione.
1097 1825 1141 1860 15
1164 1805 1362 1871 ποιήσουσι
1382 1826 1428 1863 Α.
1524 1827 1572 1864 21
1596 1821 1751 1862 κάντεῦ-

364 1871 451 1917 θεν]
473 1869 546 1906 κᾶκ
566 1868 702 1907 τούτου
724 1871 770 1907 Α.

270 2010 349 2052 bus,
375 2019 434 2043 eos
459 2007 563 2042 etiam
586 2007 717 2042 dimisit
739 2008 797 2054 qui
821 2019 946 2043 annum
969 2008 1137 2043 decimum
1162 2009 1370 2052 militarunt,
1395 2020 1504 2055 seque
1527 2008 1596 2044 ullo
1619 2020 1751 2053 eorum,

270 2060 311 2089 ut
334 2055 479 2089 maxime
502 2054 645 2095 vellent,
671 2065 810 2089 usurum
835 2066 912 2088 esse
936 2055 1090 2100 negavit.
1125 2067 1194 2101 quo
1218 2056 1336 2090 audito
1361 2055 1447 2090 nihil
1470 2055 1616 2102 amplius
1639 2055 1750 2091 locuti

270 2101 303 2135 ei
326 2112 454 2147 parere
477 2106 681 2146 coeperunt.

406 2146 539 2180 Postea
561 2145 703 2180 Siciliae
727 2146 832 2180 rebus
854 2146 1059 2191 compositis
1083 2150 1119 2180 et
1144 2150 1294 2200 utraque
1317 2146 1434 2190 Libya
1454 2158 1520 2192 per
1541 2147 1676 2192 legatos
1699 2147 1751 2181 ci-

268 2197 324 2226 tra
347 2203 496 2237 pugnam
520 2197 665 2236 recepta
688 2191 834 2225 Romani
866 2192 992 2226 multos
1018 2192 1164 2226 Caesari
1199 2193 1348 2226 honores
1375 2192 1626 2227 decreverunt.
1659 2194 1751 2228 Sex-

267 2243 327 2272 tus
353 2250 437 2272 vero
463 2249 539 2271 cum
564 2237 727 2271 Messana
752 2237 941 2282 solvisset,
967 2238 1098 2272 hostem
1122 2238 1259 2283 insequi
1284 2244 1344 2272 aut
1366 2250 1388 2272 a
1411 2238 1483 2272 suis
1506 2238 1680 2283 proditum
1702 2238 1750 2274 iri

270 2296 309 2319 se
325 2287 496 2327 metuens,
523 2283 667 2328 pelagus
690 2283 916 2318 traiecturum
942 2295 1021 2318 esse
1045 2283 1158 2324 dixit,
1183 2284 1429 2328 exstinctoque
1453 2284 1527 2329 igni
1550 2296 1619 2331 quo
1642 2296 1748 2331 prae-

267 2330 385 2364 toriae
407 2330 567 2364 triremes
593 2330 821 2374 sequentibus
845 2331 996 2364 navibus
1021 2329 1239 2374 praelucent,
1263 2329 1300 2363 in
1327 2330 1573 2375 cephaleniam
1598 2331 1746 2385 appulit.

268 2387 336 2421 quo
370 2376 526 2429 reliquae
558 2387 698 2420 quoque
726 2377 821 2409 forte
844 2376 985 2409 fortuna
1008 2381 1218 2420 tempestate
1241 2376 1438 2429 compulsae
1462 2377 1506 2410 ad
1530 2388 1608 2411 eum
1631 2376 1748 2412 redie-

267 2426 364 2456 runt.
399 2422 444 2455 iis
468 2421 575 2465 igitur
601 2421 815 2465 convocatis,
839 2421 1063 2466 imperatoria
1089 2427 1189 2455 veste
1214 2421 1342 2466 posita,
1367 2432 1443 2456 cum
1468 2422 1536 2456 alia
1561 2422 1652 2457 dixit
1674 2428 1747 2457 tum

265 2467 370 2502 illud.
395 2467 426 2502 si
451 2478 518 2501 una
541 2472 741 2511 manerent,
766 2479 804 2501 se
827 2466 939 2501 latere
963 2479 1030 2501 non
1056 2478 1181 2522 posse3
1204 2467 1260 2501 sin
1284 2467 1586 2522 dispergerentur,
1613 2468 1748 2503 facilius

267 2514 484 2558 effugituros.
533 2512 615 2546 inde
640 2513 719 2547 aliis
746 2513 813 2546 alio
837 2513 1036 2558 digressis
1025 2525 1101 2558 lpse
1122 2513 1156 2546 in
1182 2513 1298 2547 Asiam
1325 2514 1489 2558 traiecit,
1526 2526 1568 2548 eo
1602 2512 1746 2548 consilio

265 2564 306 2592 ut
336 2559 380 2592 ad
409 2558 598 2593 Antonium
631 2569 670 2592 se
704 2559 893 2592 conferret.
940 2560 1002 2593 sed
1032 2570 1107 2592 cum
1137 2559 1246 2592 Lesbi
1281 2559 1464 2594 didicisset
1497 2560 1590 2594 illum
1625 2565 1747 2595 contra

263 2604 389 2639 Medos
415 2606 611 2658 profectum
643 2616 741 2648 esse,
777 2604 963 2639 Caesarem
988 2616 1073 2638 vero
1098 2608 1134 2638 et
1157 2604 1329 2650 Lepidum
1351 2606 1446 2639 inter
1470 2616 1549 2640 sese
1574 2617 1743 2660 pugnare,

264 2661 327 2694 spe
361 2655 530 2695 concepta
559 2650 792 2704 principatum
814 2651 957 2685 Antonii
989 2650 1167 2684 obtinendi
1198 2651 1355 2684 habitum
1390 2651 1652 2696 imperatorium
1684 2663 1744 2686 re-

263 2696 410 2740 sumpsit
444 2702 481 2729 et
512 2696 563 2730 ita
599 2707 638 2730 se
672 2696 816 2750 paravit·
847 2697 945 2741 quasi
977 2696 1224 2730 transmarinas
1260 2697 1459 2740 provincias
1494 2703 1741 2752 occupaturus.

263 2752 332 2787 quo
357 2746 485 2776 conatu
508 2741 683 2777 Antonius
715 2742 856 2787 cognito
890 2753 966 2777 cum
999 2742 1031 2777 ei
1063 2746 1100 2777 et
1131 2742 1374 2788 impunitatem
1405 2748 1440 2778 et
1463 2743 1741 2780 benevolentiam
