1820 3120
279 100 381 147 388
756 81 985 142 IOANNIS
1016 98 1279 142 zoNARAE

276 219 350 269 τῆς
372 211 605 271 φάλαγγος,
639 213 705 254 καὶ
740 213 781 254 ἓν
813 212 939 268 σκέπῃ
970 213 1012 254 ἐκ
1043 216 1123 255 τῶν
1151 210 1460 266 βελῶν,πάντας
1482 210 1580 256 εἶναι
1604 212 1753 263 αὖτοὺς

278 285 321 324 ἐκ
353 286 426 336 τῆς
458 278 704 335 πυκνότητος
737 285 810 334 τῆς
843 279 1081 331 συντάξεως.
1149 280 1255 323 οὕτω
1285 278 1363 338 γάρ
1387 296 1450 322 τοι
1481 279 1751 333 πεπύκνωται,

278 349 334 400 ὡς
356 351 423 391 καὶ
444 350 620 403 βαδίζειν
642 348 754 399 τινὰς
777 347 910 391 ἐπάνω
934 348 1058 403 αὐτῆς
1083 346 1302 391 δύνασθαι.
1354 348 1400 391 τὸ
1423 348 1497 403 μὲν
1520 343 1592 393 οὖν
1611 355 1751 405 σχῆμα

275 422 349 472 τῆς
369 415 520 468 τάξεως
543 416 693 471 ταύτης
715 415 897 459 τοιοῦτόν
921 417 1004 459 ἔστι
1016 448 1028 467 ,
1063 418 1130 458 καὶ
1156 417 1224 458 διὰ
1249 420 1367 459 τοῦτο
1392 418 1458 458 καὶ
1481 417 1555 472 τὴν
1571 415 1752 473 χελώνης

275 485 391 540 ἔλαχε
415 489 569 539 κλῆσιν,
607 484 674 527 διά
699 503 739 528 τε
764 485 808 527 τὸ
834 485 1000 541 ἰσχυρὸν
1025 485 1150 539 αὐτῆς
1173 487 1240 527 καὶ
1262 485 1308 527 τὸ
1333 485 1539 536 εὗσκεπές·
1570 488 1784 544 χρῶνταιῦ

277 555 322 596 δὲ
345 555 450 611 αὐτῇ
476 557 591 609 διχῆ·
626 553 652 608 ἢ
684 553 762 610 γὰρ
795 553 896 609 πρὸς
929 551 1125 610 φρούριόν
1155 571 1194 595 τι
1225 555 1537 611 προσμίσγοντες
1568 571 1751 612 προσπο-

275 621 458 679 ρεύονται
495 625 561 664 καὶ
597 626 920 675 τειχομαχοῦσιν,
968 620 995 675 ἢ
1035 620 1114 663 ὑπὸ
1154 625 1329 672 τοξοτῶν
1367 622 1753 680 περιστοιχισθέντες

274 691 371 733 ποτὲ
401 689 670 742 κυπτάζουσιν
694 689 802 732 οὕτω
827 688 992 741 πάντες,
1030 687 1084 740 ὥς
1108 692 1239 732 δοκεῖν
1261 688 1322 732 ὅτι
1346 689 1592 745 κειιμήκασι,
1625 695 1752 734 πελα-

275 758 432 801 σάντων
462 760 506 802 δὲ
539 763 620 801 τῶν
652 760 840 800 ἐναντίων
877 759 1067 815 ἐξαίφνης
1100 759 1339 815 ἐγείρονται,
1386 759 1607 802 κάντεῦθεν
1641 764 1753 816 σφᾶς

224 832 256 867 D
279 825 540 881 ἐκπλήττουσι
564 828 630 868 καὶ
653 825 933 884 ταράττουσιν.
1003 826 1026 868 ὃ
1059 829 1126 869 καὶ
1158 826 1247 870 τότε
1274 827 1520 882 συμβέβηκε.
1589 831 1750 878 πολλοῖς
1761 836 1808 871 lo

272 894 375 952 γάρ,
420 893 476 945 ὡς
508 895 661 951 εἴρηται
672 927 684 947 ,
728 894 974 949 βαλλόμενοι
1001 896 1158 948 βέλεσι,
1194 894 1264 938 τόν
1295 912 1338 938 τε
1370 896 1649 951 συνασπισμὸν
1679 900 1752 951 τῆς

267 962 447 1018 χελώνης
469 965 660 1018 ἐποίησαν
679 966 744 1005 καὶ
763 964 814 1005 τὰ
832 953 982 1019 γόνατα
1001 964 1104 1020 πρὸς
1121 964 1194 1019 τὴν
1210 968 1284 1020 γῆν
1299 963 1465 1021 ἤρεισαν
1479 965 1532 1007 τὰ
1549 962 1751 1023 εὐώνυμα.

271 1033 507 1086 νομίσαντες
537 1027 608 1074 οὖν
639 1033 787 1082 αὐτοὺς
811 1033 848 1074 οἳ
869 1030 1077 1088 βάρβαροι
1100 1030 1179 1075 ὑπὸ
1203 1037 1284 1075 τῶν
1305 1032 1551 1090 τραυμάτων
1573 1050 1750 1076 καταπε-

273 1106 370 1151 σεῖν,
404 1101 456 1142 τὰ
478 1101 551 1154 μὲν
575 1098 674 1152 τόξα
698 1101 919 1158 ἀπέθεντο,
953 1100 1005 1142 τὰ
1036 1102 1080 1143 δὲ·
1111 1103 1207 1158 ξίφη
1243 1099 1494 1156 σπασάμενοι
1526 1099 1582 1153 ὥς
1603 1099 1752 1158 συγκό-

271 1181 420 1223 ψοντες
443 1170 624 1224 ἐπῆλθον
649 1170 798 1219 αὐτοῖς.
868 1168 1155 1220 ἐξαναστάντες
1180 1170 1223 1211 δὲ
1247 1171 1286 1212 οἳ
1302 1168 1495 1224 Ῥωμαῖοι
1520 1171 1588 1213 καὶ
1613 1170 1749 1220 αὐτοῖς
1762 1179 1811 1214 15

270 1235 578 1294 προσπεσόντες,
599 1235 666 1280 οἷα
682 1237 858 1293 γυμνοὺς
874 1236 1130 1292 ὡπλισμένοι,
1151 1237 1482 1295 ἀπροσδοκήτους
1498 1255 1751 1296 παρεσκευα-

271 1305 432 1359 σμένοι,
462 1306 630 1356 τοξότας
653 1305 811 1348 ὁπλῖται
822 1338 835 1357 ,
863 1305 1102 1363 βαρβάρους
1119 1305 1311 1360 Ῥωμαῖοι
1334 1308 1580 1362 κατέκοψαν.
1623 1304 1626 1307 ’

401 1373 611 1424 Ἀντώνιος
641 1376 715 1429 μὲν
747 1370 818 1417 οὖν
850 1373 929 1416 ὑπὸ
960 1380 1040 1417 τῶν
1072 1376 1274 1429 πολεμίων
1305 1375 1437 1418 οὐκέτι
1470 1375 1598 1418 δεινὸν
1633 1375 1750 1417 οὐδὲν

270 1440 437 1494 ἔπαθεν,
471 1441 550 1484 ὑπὸ
576 1444 619 1485 δὲ
642 1441 803 1497 ψύχους
825 1442 1166 1499 τεταλαιπώρητο.
1214 1444 1370 1498 χειμών
1389 1445 1468 1500 γὰρ
1491 1439 1555 1500 ἦν,
1583 1445 1650 1486 καὶ
1674 1448 1748 1499 τῆς

265 1511 473 1566 Ἀρμενίας
495 1512 546 1553 τὰ
570 1511 774 1568 πρόσορα,
806 1512 862 1552 δι’
890 1506 945 1554 ὧν
969 1510 1179 1568 ἐπορεύετο
1187 1543 1199 1563 ,
1224 1511 1516 1568 κρυσταλλώδη
1541 1511 1607 1555 ἀεί
1625 1514 1814 1562 datvm(

82 1585 112 1618 P
135 1584 154 1619 1
177 1584 244 1619 521
270 1578 370 1622 ὅθεν
393 1581 635 1640 συχνοὶὴτῶν
659 1581 785 1622 αὐτοῦ
808 1581 1104 1637 διεφθείροντο.
1161 1580 1235 1622 ’διὸ
1258 1578 1419 1635 ὑπῆλθε
1443 1581 1514 1624 τὸν
1542 1581 1748 1637 Ἀρμένιον

269 1649 336 1690 καὶ
361 1646 592 1699 ἔθώπευσε,
628 1650 757 1690 καίτοι
782 1648 840 1689 δι’
866 1649 990 1705 ὀργῆς
1012 1650 1159 1691 ἐκεῖνον
1182 1648 1432 1704 ποιούμενος.
1484 1648 1680 1706 χρήματα
1703 1650 1748 1691 δὲ
1819 1652 1820 1714 l

268 1722 354 1766 τοῖς
383 1720 677 1774 περιλειφθεῖσι
712 1717 919 1772 διανείμας
949 1721 1023 1772 τῆς
1056 1721 1249 1775 στρατιᾶς
1281 1717 1435 1775 ἀπῆρεν
1458 1721 1513 1769 εἷς
1535 1717 1746 1774 Αἴγυπτον
1819 1720 1820 1732 ’

361 1859 385 1893 4
406 1855 565 1902 χελώνης
590 1858 617 1892 Α
643 1859 726 1901 Dio,
751 1855 925 1903 Χελώνην
947 1859 1036 1892 PW.
1157 1858 1180 1892 8
1203 1856 1431 1900 κυποὶζουσιν
1457 1858 1501 1894 C.
1611 1858 1656 1892 15
1679 1869 1744 1893 αυ-

360 1907 441 1943 τοῖς
462 1904 576 1949 prius]
603 1900 738 1945 αὐτούς
758 1906 802 1939 A.
939 1905 985 1939 21
1010 1900 1084 1949 διὸ]
1108 1901 1169 1939 διὸ
1190 1902 1254 1939 καὶ
1276 1905 1320 1940 Α.

262 2034 364 2065 tems
386 2029 581 2073 sustinent,
618 2033 659 2064 ut
684 2030 720 2064 in
744 2033 820 2065 tota
843 2030 1016 2076 phalange
1041 2030 1126 2065 nihil
1159 2034 1301 2075 praeter
1329 2029 1462 2077 clipeos
1494 2032 1677 2074 cernatur,
1708 2034 1747 2072 et

267 2086 385 2109 omnes
418 2081 566 2121 propter
602 2076 691 2110 aciei
722 2077 926 2110 densitatem
960 2089 980 2111 a
1012 2077 1090 2111 telis
1123 2077 1375 2111 defendantur:
1410 2088 1502 2122 quae
1534 2076 1670 2121 quidem
1694 2077 1746 2111 ita

268 2123 483 2155 condensata
508 2126 563 2155 est
585 2128 624 2155 ut
646 2134 753 2168 super
777 2135 818 2157 ea
842 2123 981 2167 ingredi
1003 2123 1130 2169 possis.
1167 2123 1260 2156 acies
1284 2122 1403 2167 igitur,
1430 2128 1466 2157 et
1489 2123 1534 2156 ob
1558 2123 1648 2156 hanc
1670 2122 1745 2156 for-

269 2178 355 2200 mam
380 2172 416 2201 et
441 2168 484 2200 ob
509 2169 618 2201 robur
641 2173 678 2201 et
701 2170 746 2202 ob
770 2169 1041 2213 protectionem,
1075 2168 1262 2203 testudinis
1286 2180 1408 2202 nomen
1434 2167 1583 2214 accepit.
1633 2179 1744 2213 eaque

267 2212 426 2246 bifariam
450 2218 615 2257 utuntur,
640 2214 715 2247 sive
738 2214 881 2249 castella
905 2219 941 2248 et
966 2215 1101 2248 moenia
1124 2214 1373 2260 oppugnaturi,
1398 2214 1476 2249 sive
1500 2226 1522 2248 a
1545 2214 1742 2259 sagittariis
1810 2243 1820 2259 ,ι

268 2258 507 2292 circumventi.
557 2265 592 2292 et
623 2260 806 2304 aliquando
840 2261 890 2294 ita
921 2272 960 2294 se
987 2261 1155 2294 inclinant
1188 2266 1228 2294 ut
1258 2261 1400 2304 fatigati
1431 2271 1510 2294 esse
1531 2259 1742 2302 videantur;
1801 2260 1803 2265 ’

267 2305 329 2338 sed
359 2304 491 2338 hostem
526 2307 865 2351 appropinquantem
901 2306 1016 2340 subito
1048 2306 1265 2350 exsurgendo
1301 2305 1493 2350 percellunt
1523 2309 1560 2340 et
1582 2307 1741 2340 turbant.
1803 2306 1820 2349 fs*

266 2350 302 2383 id
326 2351 418 2394 quod
445 2355 516 2383 tum
544 2362 682 2396 quoque
706 2353 847 2386 accidit,
897 2363 973 2386 cum
997 2352 1107 2396 enim,
1144 2357 1182 2385 ut
1203 2351 1331 2385 dictum
1355 2357 1420 2395 est,
1444 2352 1579 2386 crebris
1601 2351 1741 2396 sagittis

265 2396 479 2439 ferirentur,
514 2398 725 2432 testudinem
759 2400 918 2432 fecerunt
941 2398 1084 2432 sinistro
1108 2408 1198 2442 genu
1222 2397 1314 2431 humi
1336 2399 1508 2432 nitentes:
1544 2398 1636 2431 unde
1659 2399 1740 2430 bar·
1802 2439 1807 2446 .

266 2442 344 2475 bari
368 2453 429 2476 eos
456 2453 540 2487 prae
566 2444 770 2478 vulneribus
796 2443 987 2478 concidisse
1012 2444 1103 2485 rati,
1140 2443 1265 2487 positis
1288 2444 1438 2477 arcubus
1461 2443 1594 2478 strictis
1618 2443 1741 2487 gladiis

268 2487 311 2520 ad
339 2499 400 2521 eos
425 2488 630 2522 occidendos
659 2490 849 2524 irruerunt.
898 2501 1017 2523 verum
1051 2490 1173 2524 milites
1198 2489 1306 2522 erecti
1329 2489 1461 2533 impetu
1484 2489 1521 2523 in
1544 2489 1622 2523 illos
1647 2490 1740 2523 sacto
1791 2512 1793 2514 -
1813 2492 1820 2502 ·’

266 2531 377 2566 n'udos
405 2534 528 2578 clipeis
551 2534 655 2577 tecti,
678 2536 900 2581 inopinantes
923 2536 1060 2580 parati,
1085 2534 1292 2579 sagittarios
1316 2535 1461 2578 armati,
1485 2534 1632 2570 Romani
1659 2537 1741 2569 bar-

267 2578 371 2612 baros
397 2580 616 2614 deleverunt.
1795 2583 1810 2619 ξ»

408 2626 539 2659 Hostili
561 2630 655 2660 metu
677 2626 848 2660 liberatus
872 2626 1044 2660 Antonius
1067 2637 1088 2660 a
1109 2627 1242 2671 frigore
1266 2630 1321 2660 est
1343 2627 1508 2661 afflictus.
1533 2637 1610 2660 nam
1634 2626 1741 2660 hiems

268 2674 364 2713 erat,
389 2677 423 2703 et
447 2672 631 2706 Armeniae
656 2677 818 2706 montana
839 2684 976 2718 semper
998 2672 1180 2716 congelata
1202 2678 1302 2706 sunt:
1325 2674 1416 2707 unde
1441 2673 1635 2718 complures
1658 2682 1740 2705 suo·
1766 2699 1768 2704 ,
1796 2707 1805 2716 ,.

267 2726 343 2749 rum
367 2718 564 2750 amittebat.
612 2730 679 2763 qua
702 2730 741 2752 re
763 2719 927 2753 Armenio
951 2720 1066 2752 fucum
1089 2718 1178 2752 fecit
1199 2723 1306 2763 atque
1328 2719 1488 2753 adulatus
1512 2723 1584 2761 est,
1619 2729 1739 2762 quam—
1774 2760 1776 2764 .

268 2761 325 2795 vis
348 2761 382 2795 ei
406 2762 564 2797 infensus
586 2769 702 2807 esset3
736 2768 773 2799 et
802 2764 962 2810 reliquiis
993 2764 1169 2799 exercitus
1193 2764 1343 2810 pecunia
1370 2765 1454 2801 data
1481 2765 1518 2798 in
1541 2767 1738 2809 Aegyptum
1777 2768 1818 2806 (μζ

1771 2941 1817 3120 ωρὶ-τῐῆ-ιπ
1804 2926 1810 2930 ·
1789 2862 1813 2915 w}
1795 2832 1820 2854 {t-
1790 2812 1805 2818 ι’
