1820 3120
270 124 372 170 444
741 86 969 164 Iomms
1000 120 1263 164 zoNAR‘AE

267 239 515 291 πεποιῆσθαι
539 234 583 277 τὸ
610 233 704 284 ἴπος
734 232 892 289 ἐνόμισε
899 266 912 286 ,
948 232 1015 276 καὶ
1040 229 1120 277 εἶπε
1149 232 1292 290 “κᾶγὼ
1325 229 1397 277 οὖν
1419 233 1589 287 Αἴαντα,
1617 232 1740 281 αὐτὸν

267 304 473 359 ποιήσω”,
509 305 575 345 καὶ
601 303 808 362 αὖτοεντίρι
833 303 1060 346 ἀπολέσθαι
1084 303 1210 345 αὐτὸν
1229 301 1465 358 ἠνάγκασεν.
1504 305 1564 351 {br
1584 304 1743 355 τούτοις

267 374 472 421 νεανίσκος
494 389 554 421 τις
577 372 767 429 Δροῦσος
791 369 889 413 εἶναι
915 373 1039 426 λέγων
1062 372 1156 427 περί
1184 388 1225 413 τε
1257 372 1330 427 τὴν
1354 365 1636 416 ςΕλλάδαῗπεοίὶ
1668 373 1742 427 τὴν

262 441 414 483 Ἰωνίαν
438 439 579 495 ὤφθη.
649 442 715 482 καὶ
740 440 923 490 ἐδέξαντο
948 439 1071 483 αὐτὸν
1095 439 1278 492 ἀσμένως
1313 439 1357 482 αἲ
1389 438 1545 494 πόλεις,
1570 443 1648 502 ικαὶ
1665 440 1741 484 κᾶν

267 508 404 563 ἐςτὴν
427 509 581 564 Συρίαν
604 506 873 565 προχωρήσας
906 507 1072 562 κατέσχε
1103 508 1154 550 τὰ
1185 507 1462 566 στρατόπεδα,
1497 510 1546 550 εἶ·
1562 508 1635 564 μὴ
1654 508 1775 552 ἔπι-5

265 575 385 632 γνούς
407 594 467 626 τις
491 576 612 619 αὐτὸν
637 578 830 629 συνέλαβε
854 578 919 618 καὶ
943 575 1047 632 πρὸς
1068 576 1138 619 τὸν
1163 578 1353 635 Τιβέριον
1374 576 1538 633 ἤγαγεν·
1563 575 1615 620 Α’ὃ·
1633 578 1678 620 δὲ
1700 579 1742 621 ἐν

259 646 400 703 Ἀντίῳ
424 644 519 694 τοὺς
542 649 615 686 τοῦ
637 647 678 686 Γ
675 648 766 686 α·ι’”ου
790 643 947 700 γάμους
969 642 1177 700 ἑώρταζεν.
1535 645 1538 647 ’
1586 665 1591 672 ·

396 711 446 755 Ὁ
474 714 638 769 Τίβερις
661 713 704 754 δὲ
725 711 815 755 τότε
839 712 970 754 πολλὰ
991 712 1064 767 τῆς
1079 711 1239 767 Ῥώμης
1261 712 1472 756 ἐπέκλυσεν
1493 711 1596 758 ὥστε
1619 716 1742 757 πλευ-

266 786 441 836 σθῆναι,
472 782 537 822 καὶ
562 783 657 837 πυρὶ
680 783 807 837 μυρία
831 780 1012 838 ἐφθάρη.
1059 784 1093 823 εἲ
1115 782 1164 823 δέ
1183 799 1221 823 τι
1245 782 1313 822 καὶ
1335 781 1386 823 τὰ
1410 780 1619 838 Ἀἰγύπτια
1641 782 1744 840 πρὸς

265 851 361 900 τοὺς
378 848 604 903 Ῥωμαίους
627 848 842 907 προσήκει,
877 848 898 891 ὁ
936 850 1068 906 φοίνιξ
1099 850 1231 907 ἐκείνῳ
1264 854 1322 906 τῷ
1354 848 1430 892 ἔτει
1461 849 1602 907 ὤφθη.
1620 850 1641 875 Ψ
1672 852 1738 893 καὶ
1752 856 1797 892 10

214 927 245 961 D
270 917 378 969 ἔδοξε
411 922 540 960 ταῦτα
574 917 644 959 τὸν
676 916 860 960 θάνατον
882 922 939 974 τῷ
965 918 1142 975 Τιβερίῳ
1167 919 1475 973 προσημαίνειν·
1510 918 1557 969 ὃς
1577 916 1740 974 ἐνόσησε

264 987 338 1040 μὲν
361 986 439 1042 πρὸ
464 987 643 1034 πλείονος
660 985 835 1042 χρόνου,
872 985 963 1028 οὔτε
995 987 1039 1027 δὲ
1070 986 1142 1040 τὴν
1177 987 1333 1043 δίαιταν
1363 984 1617 1043 παρήλλαξεν
1649 986 1740 1031 οὔτε

263 1060 348 1104 τοῖς
370 1057 524 1110 ἰατροῖς
547 1054 748 1109 ἐκέχρητο,
785 1054 853 1095 διὰ
876 1053 946 1096 τὸν
968 1057 1042 1095 τοῦ
1069 1051 1287 1110 Θρασύλου
1312 1051 1443 1109 λόγον,
1472 1053 1518 1105 ὃς
1539 1053 1646 1097 πάνυ
1659 1056 1740 1109 «μὲν

265 1123 445 1179 ἀκριβῶς
467 1121 553 1178 ᾔδει
578 1124 645 1163 καὶ
669 1121 741 1176 τὴν
764 1120 919 1177 ἡμέραν
943 1123 1009 1163 καὶ
1033 1122 1106 1174 τὴν
1129 1121 1240 1178 ὥραν
1262 1121 1364 1163 καθ’
1390 1121 1441 1176 ἢν
1465 1122 1738 1178 τεθνήξεσθαι

264 1189 425 1244 ἔμελλεν
456 1188 478 1232 ὃ
505 1190 715 1247 Τιβέριος,
751 1191 885 1247 ἐκείνῳ
909 1191 952 1232 δὲ
977 1188 1072 1232 δέκα
1096 1190 1302 1239 ἐνιαυτοὺς
1322 1190 1379 1232 ἔτι
1401 1189 1631 1245 βιώσεσθαι
1653 1190 1737 1235 ἴλε-
1749 1181 1794 1232 15

263 1275 344 1314 γεν,
364 1259 420 1301 ἵν’
445 1257 499 1308 ὥς
522 1259 584 1299 ἐπὶ
608 1257 860 1316 μακρότερον
885 1255 1094 1314 ζήσωνμὴ
1119 1260 1289 1315 ἔπειχθῇ
1305 1256 1479 1309 πολλοὺς
1497 1260 1740 1303 ἀποκτεῖναι.

265 1324 331 1369 οἷα
355 1327 396 1368 ‹5'
424 1320 466 1368 ἓν
488 1326 593 1386 γήρᾳ
616 1329 682 1369 καὶ
710 1326 816 1384 νόσῳ
838 1327 897 1381 μὴ
923 1327 1031 1386 ὀξείᾳ
1055 1328 1144 1369 τοτὲ
1167 1328 1241 1381 μὲν
1264 1331 1537 1379 κατεπονεῖτο,
1571 1324 1740 1372 τοτέ·.ὃὲ

263 1394 550 1452 ἀνερρώννυτο.
620 1396 839 1437 κάντεῦθεν
874 1396 995 1437 ἐνίοτε
1025 1397 1098 1448 μὲν
1130 1394 1275 1449 ἥδοντο
1308 1397 1349 1437 o‘c'
1375 1397 1682 1440 τελοιποὶκαὶ
1715 1395 1737 1439 ὅ

264 1463 387 1514 Γάϊος
423 1461 478 1513 ὡς
507 1462 832 1518 τελευτήσοντος,
868 1465 988 1506 ἐνίοτε
1013 1464 1058 1505 δὲ
1082 1461 1136 1512 ὡς
1159 1466 1225 1505 καὶ
1251 1465 1469 1518 ζησομένου
1492 1463 1737 1522 πεφόβηντο.

78 1544 104 1577 Ρ
128 1542 148 1576 Ι
170 1542 239 1578 552
267 1534 400 1582 δείσας
423 1526 495 1574 οὖν
517 1530 538 1574 ὁ
563 1531 688 1581 Γάϊος
709 1532 767 1586 μὴ
791 1534 857 1573 καὶ
881 1532 1095 1588 ἀνασωθῇ,
1119 1531 1209 1574 οὔτε
1235 1538 1376 1588 φαγεῖν
1400 1531 1610 1587 αἰτήσαντι
1633 1533 1792 1576 ἔδω-20

58 1610 105 1645 W
122 1611 158 1646 II
172 1611 240 1649 176
264 1618 343 1652 κεν,
369 1598 423 1650 ὥς
445 1598 550 1654 τάχα
571 1601 881 1657 βλαβησομὲνῳ,
905 1602 971 1642 καὶ
996 1599 1137 1653 ἱμάτια
1161 1599 1293 1641 πολλὰ
1316 1602 1382 1641 καὶ
1405 1602 1535 1655 παχέα
1557 1599 1613 1651 ὥς
1631 1606 1736 1659 θερ-

260 1670 412 1723 μασίας
435 1669 609 1727 δεομένῳ
634 1669 880 1725 προσέβαλε,
916 1669 983 1710 καὶ
1007 1666 1136 1718 οὕτως
1159 1667 1366 1718 ἀπέπνιξεν
1390 1667 1526 1721 αὐτόν,
1561 1668 1736 1724 ζήσαντα
1819 1653 1820 1716 l

353 1800 375 1832 2
401 1795 598 1845 αὖτοεντίᾳ
622 1798 704 1840 ΑΒ,
741 1793 987 1843 αὖτοεναντίᾳ
1012 1798 1063 1840 C,
1101 1794 1284 1843 αὗθεντίᾳ
1308 1798 1406 1832 PW:
1439 1796 1508 1834 Dio
1532 1794 1733 1834 αὖτοεντεὶ.

351 1847 372 1878 5
402 1839 571 1888 ἐπιγνούς
592 1856 647 1884 τις
672 1845 715 1886 Α,
739 1855 794 1883 τις
816 1840 986 1887 ἐπιγνοὺς
1006 1844 1105 1877 PW:
1130 1844 1197 1878 Dio
1221 1844 1399 1889 γνωρίσας
1421 1855 1487 1883 τις.
1602 1844 1734 1879 fimar-

350 1887 525 1976 {ssegfigst
621 1885 872 1970 δὲῙῗΠιὲἨῗθῆ
897 1890 948 1934 C,
973 1887 1130 1934 ἐπείχθη
1153 1890 1182 1924 Ρ
1205 1890 1291 1926 sola.
1431 1889 1474 1924 19
1497 1887 1734 1935 τελευτήσαν-

259 2049 397 2082 Aiacem
421 2044 593 2093 faciam’',
626 2060 773 2093 eumque
804 2048 873 2083 sibi
908 2060 1027 2084 manus
1057 2049 1184 2083 afferre
1214 2048 1341 2093 coegit.
1390 2048 1484 2083 inter
1506 2049 1593 2084 haec
1617 2049 1735 2084 adole-

258 2106 357 2128 scens
383 2095 520 2139 quidam
544 2095 581 2128 in
598 2096 749 2129 Graecia
772 2101 808 2130 et
831 2096 932 2130 Ionia
955 2106 993 2129 se
1016 2096 1167 2129 Drusum
1192 2105 1270 2128 esse
1291 2094 1425 2128 iactans
1450 2095 1576 2140 cupide
1598 2107 1619 2130 a
1643 2095 1732 2130 civi-

257 2140 392 2174 tatibus
418 2144 473 2174 est
496 2146 700 2186 susceptus3
730 2146 836 2186 atque
860 2141 897 2175 in
922 2141 1061 2185 Syriam
1084 2152 1194 2186 usque
1218 2150 1424 2186 progressus
1448 2141 1603 2184 legiones
1627 2142 1732 2176 etiam

256 2185 470 2230 accepisset,
506 2186 571 2219 nisi
602 2187 744 2230 agnitus
775 2199 795 2221 a
828 2187 978 2232 quodam
1001 2191 1038 2221 et
1062 2192 1187 2233 captus
1211 2186 1255 2222 ad
1277 2186 1461 2221 Tiberium
1484 2187 1566 2221 Gaii
1590 2187 1732 2233 nuptias

257 2232 354 2266 Antii
376 2231 609 2266 celebrantem
633 2233 823 2276 perductus
841 2237 954 2267 esset.
1607 2250 1611 2254 ·

393 2278 447 2311 Eo
471 2289 560 2311 anno
585 2278 729 2312 Tiberis
752 2280 858 2313 multa
880 2279 979 2312 urbis
1002 2279 1078 2312 loca
1103 2278 1155 2312 sic
1177 2276 1364 2312 inundavit
1394 2280 1435 2311 ut
1467 2277 1731 2324 navigamutm,

257 2327 292 2356 et
315 2323 387 2367 igni
412 2323 559 2368 plurima
582 2325 743 2358 aedificia
774 2330 854 2359 sunt
886 2326 1082 2369 absumpta.
1131 2323 1225 2368 quod
1257 2323 1286 2356 si
1318 2323 1401 2368 quid
1430 2323 1653 2369 Aegyptiace
1686 2325 1730 2358 ad

257 2369 430 2403 Romanos
455 2370 652 2414 pertinent,
687 2371 839 2415 phoenix
863 2382 904 2404 eo
929 2382 1016 2404 anno
1043 2375 1248 2415 conspectus
1277 2374 1345 2403 est,
1394 2379 1484 2414 quae
1507 2381 1563 2403 res
1589 2369 1730 2404 Tiberii

256 2420 401 2449 mortem
423 2416 637 2460 portendere
664 2417 889 2452 videbantur.
938 2417 998 2462 qui
1022 2428 1095 2450 curn
1120 2415 1226 2449 multo
1250 2419 1331 2449 ante
1355 2419 1574 2459 aegrotaret,
1617 2426 1730 2460 neque

256 2461 369 2495 victus
410 2461 579 2495 rationem
618 2464 776 2496 mutabat
814 2474 927 2507 neque
965 2462 1107 2496 medicis
1148 2461 1331 2502 utebatur,
1373 2465 1517 2505 propter
1549 2460 1731 2508 Thrasylli

256 2508 385 2547 verba3
410 2507 471 2552 qui
495 2519 571 2542 cum
595 2512 632 2541 et
655 2508 743 2542 diem
768 2513 804 2542 et
826 2509 945 2542 horam
970 2508 1089 2542 mortis
1113 2506 1188 2541 eius
1212 2507 1385 2551 exquisite
1409 2510 1550 2549 nosset,
1575 2506 1606 2540 ei
1630 2506 1729 2540 dixe-

255 2558 329 2592 rat,
361 2553 563 2588 decennium
588 2554 700 2587 adhuc
724 2555 916 2598 victurum,
950 2559 989 2588 ut
1012 2565 1075 2599 spe
1097 2553 1324 2586 diuturnioris
1348 2552 1448 2586 vitae
1470 2552 1581 2586 minus
1605 2552 1728 2586 multos

255 2598 442 2632 occideret.
491 2604 530 2633 ut
553 2603 666 2634 autem
690 2601 732 2633 fit
756 2601 791 2633 in
814 2600 910 2633 senio
935 2606 971 2634 et
994 2600 1113 2633 morbo
1135 2610 1203 2631 non
1227 2602 1342 2640 acuto,
1378 2597 1466 2632 alias
1490 2598 1727 2642 decumbebat,

255 2643 337 2675 alias
363 2645 643 2680 convalescebat.
692 2646 783 2680 unde
807 2646 920 2680 Gaius
945 2649 981 2679 et
1004 2644 1061 2679 alii
1084 2655 1175 2678 nunc
1204 2648 1244 2678 ut
1274 2656 1315 2678 eo
1346 2644 1516 2678 morituro
1547 2644 1727 2678 laetaban-

223 2692 226 2694 '
254 2694 333 2730 tur,
370 2701 459 2723 nunc
487 2695 527 2725 ut
561 2703 709 2726 evasuro
736 2693 949 2727 maerebant.
997 2703 1039 2725 ac
1061 2690 1191 2724 veritus
1216 2690 1328 2724 Gaius
1352 2702 1396 2724 ne
1419 2689 1650 2732 valetudinem
1671 2701 1728 2723 re—

254 2739 457 2778 cuperaret,
492 2748 556 2770 nec
580 2737 692 2772 cibum
716 2737 853 2783 petenti
877 2738 1005 2780 dabat,
1043 2736 1144 2781 quasi
1174 2735 1203 2769 is
1226 2735 1541 2770 incommodaturus
1564 2735 1599 2769 ei
1621 2738 1729 2778 esset,
1775 2759 1778 2767 .

254 2785 291 2812 et
318 2781 431 2814 multis
457 2793 499 2815 ac
522 2782 642 2818 densis
668 2784 832 2829 stragulis
854 2782 1008 2827 iniectis,
1034 2782 1137 2827 quasi
1157 2782 1386 2817 calefactione
1410 2793 1496 2828 opus
1520 2784 1626 2826 esset,
1652 2790 1727 2815 eum
