1786 3120
789 63 1000 136 NOTAE.
1539 89 1635 137 645

251 214 294 257 p.
322 200 409 244 597
431 214 471 244 v-
503 198 571 243 14.
632 202 886 255 Ποστοῦμος]
920 204 977 242 ita
1012 202 1172 242 Zosimo
1210 202 1447 254 appellatur,
1486 201 1635 242 Victori

141 265 183 302 et
208 260 398 311 Eutropio
427 259 664 305 Postumus,
693 258 890 299 Trebellio
920 264 960 298 et
985 261 1024 298 in
1050 260 1212 298 nummis
1233 260 1479 298 Postumius.
1526 258 1632 298 Duc.

141 319 256 358 immo
279 317 502 358 Posrvuvs
532 319 572 354 et
599 316 639 354 in
667 317 830 355 nummis
860 320 899 355 et
927 317 1031 368 apud
1057 316 1292 356 Trebellium
1331 317 1373 355 in
1409 316 1517 355 libris
1553 329 1634 362 me-

138 373 313 414 lioribus.
359 369 579 412 casauboni
609 369 778 411 err'orem
806 374 975 412 editores
1005 373 1150 412 Zosimi
1175 377 1501 426 propagaverunt.

251 443 293 484 p.
321 429 406 472 598
435 441 470 468 v·
500 430 568 470 19.
622 426 732 484 παρᾶ
764 429 1002 484 Μακρίνου]
1031 443 1157 482 quem,
1187 434 1230 469 ut
1253 435 1292 469 et
1307 430 1441 482 filium,
1474 430 1633 468 Macri-

137 499 267 527 anum
293 485 463 540 appellat
492 484 708 525 Trebellius
727 486 868 525 Pollio,
930 486 1032 527 Duc.
1093 492 1198 527 certe
1228 488 1269 526 in
1298 488 1427 527 editis:
1468 501 1555 527 nam
1592 489 1632 526 in

137 556 220 585 mus
257 547 320 584 eet
355 544 596 585 Macrinus.-
637 544 730 582 item
756 544 795 582 in
820 543 956 582 Dionis
986 545 1195 584 continuati
1224 545 1428 598 excerptis,
1457 545 1634 597 Scripto-

137 612 222 641 rum
250 603 421 641 veterum
448 612 571 639 novae
601 600 688 639 coll
701 600 736 638 Π
762 614 808 668 p.
837 600 919 642 235
944 599 1186 655 “Mauqzvog
1207 599 1337 654 κόμης
1366 617 1448 642 των
1471 605 1634 654 θησαυ-

136 673 268 769 ΞΜ
253 656 325 700 καὶ
350 653 530 706 ἐφεστώς
563 658 616 714 τῇ
647 653 780 712 ἀγορᾷ
807 660 885 699 τοῦ
914 658 1027 699 σίτου
1056 656 1197 711 ἐπειδή
1226 657 1295 700 καὶ
1323 674 1390 700 τον
1420 657 1491 699 ἕνα
1520 656 1632 700 πόδα

157 709 396 770 mqomto’
425 718 499 753 etc.
539 717 579 752 et
603 727 644 766 p.
675 713 772 757 239.

249 786 290 826 p.
314 771 398 813 599
428 784 464 813 v.
495 770 563 812 15.
616 768 838 824 ὖπὲλαβον]
867 771 908 809 id
941 772 1042 810 enim
1069 772 1220 822 signum
1250 776 1332 810 erat
1349 772 1573 810 defectionis
1594 775 1634 810 et

136 827 360 869 deditionis,
404 827 572 868 Pacatus
602 826 642 865 in
667 829 858 879 Panegyr.
889 830 938 866 ad
953 829 1216 867 Theodosium
1231 827 1465 881 “aliquanto
1486 828 1633 866 melius

137 898 284 925 manue
323 884 401 923 illa
437 884 659 932 consuluit,
695 899 800 937 quae
823 884 1031 923 submissis
1049 885 1318 936 precabunda
1341 885 1498 925 vexillis
1515 885 1635 936 petiit

135 944 298 983 veniam
329 936 598 981 necessitati?
642 947 715 982 etc.
757 942 843 982 vide
877 941 1076 981 Lucanum
1114 943 1181 982 lib.
1213 945 1254 994 6,
1293 943 1475 982 Orosium
1493 942 1573 982 lib.
1603 942 1633 982 7

136 1011 222 1053 cap
250 1001 324 1051 86,
353 999 595 1039 Ammianum
622 998 689 1037 lib.
723 1001 777 1042 26
808 1003 882 1038 etc.
935 999 1038 1038 Duc.

247 1070 290 1109 p.
319 1053 405 1098 604
432 1069 472 1096 v.
497 1058 538 1099 2.
595 1052 801 1104 Κλαύδιος
830 1053 890 1108 δὲ]
927 1056 1023 1095 haec
1061 1057 1110 1095 de
1146 1055 1296 1094 Claudii
1331 1056 1475 1095 iustitia
1504 1056 1631 1098 verbis

77 1142 80 1145 -
134 1112 245 1154 Petri
270 1112 391 1153 Fabri
417 1113 634 1152 Sanioriani
664 1113 729 1152 lib.
763 1114 786 1153 1
818 1113 1002 1152 Semestr.
1033 1126 1117 1164 cap.
1146 1113 1198 1155 25
1230 1113 1466 1152 reddidimus
1497 1112 1634 1164 [clau-

134 1170 220 1211 dius
248 1182 342 1212 vero
371 1183 457 1210 cum
485 1170 542 1208 vir
572 1169 696 1208 bonus
724 1171 965 1221 iustitiaeque
995 1175 1166 1209 sectator
1194 1174 1322 1220 esset,
1361 1170 1555 1209 interdixit
1583 1181 1634 1208 ne

133 1226 236 1266 ultra
270 1227 472 1279 quisquam
508 1227 610 1265 bona
644 1227 768 1266 aliena
808 1226 856 1265 ab
891 1228 1123 1279 imperatore
1162 1229 1329 1277 peteret.
1365 1231 1565 1278 receptum
1592 1226 1635 1263 id

134 1284 238 1324 enim
250 1283 422 1323 moribus
453 1289 552 1334 erat,
581 1284 836 1336 imperatores
857 1285 973 1322 etiam
987 1285 1113 1322 aliena
1126 1283 1294 1329 donare3
1324 1283 1633 1334 quandoquidem

132 1340 237 1381 idem
260 1341 319 1380 ius
342 1341 400 1380 rei
422 1340 599 1393 publicae
628 1343 745 1381 stanti
769 1354 839 1393 per
865 1341 973 1391 leges
1001 1339 1141 1390 fuerat]
1155 1366 1168 1388 ‚
1207 1353 1293 1379 cum
1316 1341 1452 1379 horum
1477 1352 1633 1378 sensum

130 1399 194 1438 vix
222 1398 370 1450 ceperit
394 1399 611 1450 interpres,
637 1402 677 1437 et
706 1411 804 1450 quae
831 1398 1030 1437 salebrosa
1057 1397 1215 1449 agnovit
1239 1397 1428 1436 Henricus
1456 1396 1631 1435 Valesius

132 1456 184 1495 ad
211 1454 350 1494 Dionis
373 1455 569 1507 Excerpta
599 1469 639 1507 p.
670 1456 766 1498 208.
793 1468 839 1493 ea
874 1467 966 1493 vero
1006 1455 1053 1492 de
1092 1454 1237 1505 optimo
1268 1455 1437 1520 quodam
1467 1458 1628 1492 auctore

131 1515 288 1564 sumpta
321 1513 534 1552 existimat
554 1512 658 1550 idem
696 1511 848 1561 Faber,
891 1515 931 1549 et
976 1523 1111 1549 vocem
1148 1506 1332 1560 ἀλλότρια
1375 1512 1454 1550 sive
1493 1510 1632 1548 aliena

131 1569 207 1608 hoc
243 1568 330 1607 loco
368 1568 533 1619 intelligi
569 1581 649 1606 non
687 1567 830 1607 debere
870 1567 997 1605 omnia
1026 1580 1124 1618 quae
1152 1567 1325 1617 privatus
1356 1569 1519 1618 quisque
1547 1569 1631 1605 iure

133 1625 290 1664 domimi
314 1625 496 1676 pertinet.
527 1637 618 1663 nam
649 1626 751 1675 quis,
780 1625 917 1675 inquit,
952 1625 1069 1661 fando
1100 1635 1264 1672 unquam
1295 1623 1461 1674 audivit,
1501 1637 1545 1662 ea
1571 1624 1632 1663 vel

132 1682 215 1734 peti
243 1681 358 1720 solita
385 1694 471 1720 esse
500 1681 562 1718 vel
590 1681 639 1719 ab
674 1682 908 1732 imperatore
933 1680 1021 1718 olim
1045 1681 1180 1717 donari
1203 1679 1403 1730 potuisse?
1432 1681 1504 1719 nisi
1530 1681 1632 1721 sorte

132 1739 241 1790 quod
277 1737 396 1777 multo
433 1740 523 1775 ante
563 1738 602 1775 in
631 1736 724 1775 Asia
760 1738 962 1775 factitasse
990 1736 1196 1775 Antonium
1227 1737 1359 1774 scribit
1388 1736 1631 1790 Plutarchus,

131 1795 173 1834 id
206 1793 504 1846 imperatoribus
539 1807 612 1832 usu
657 1795 818 1832 venerit.
858 1794 963 1845 quod
1003 1794 1156 1844 quidem
1194 1792 1322 1831 Fabro
1370 1807 1449 1832 non
1486 1796 1630 1846 placet,

131 1852 198 1903 qui
221 1852 418 1904 pertinere
446 1851 612 1890 edictum
637 1851 742 1889 istud
769 1854 881 1902 putat
909 1851 958 1888 ad
984 1850 1136 1888 titulum
1164 1850 1213 1887 de
1228 1848 1482 1889 Petitionibus
1506 1852 1632 1891 bono-—

131 1921 217 1948 rum
243 1908 429 1948 sublatis:
466 1907 520 1949 ita
554 1912 597 1946 ut
625 1907 749 1946 aliena
777 1907 936 1958 intelligi
973 1906 1138 1945 debeant
1168 1918 1213 1944 ea
1239 1906 1385 1946 scilicet
1414 1921 1512 1958 quae
1541 1922 1630 1948 reo—

130 1977 216 2005 rum
261 1965 416 2016 quidem
458 1965 529 2004 sed
570 1965 875 2003 indemnatorum
912 1964 1035 2002 adhuc
1075 1967 1115 2002 et
1150 1964 1356 2002 viventium
1394 1964 1496 2003 bona
1525 1971 1630 2016 sunt,

128 2022 298 2073 itemque
337 2023 482 2061 caduca
516 2034 586 2060 seu
627 2022 818 2060 vacantia:
856 2022 971 2060 immo
1009 2034 1100 2058 vero
1134 2020 1250 2058 etiam
1286 2021 1551 2062 damnatorum
1591 2028 1631 2062 et

129 2079 438 2131 proscriptorum
466 2078 583 2128 bona,
614 2091 711 2129 quae
739 2081 866 2117 tamen
886 2078 981 2116 fisco
1002 2078 1189 2126 nuntiata,
1219 2078 1388 2115 nondum
1408 2079 1538 2117 addita
1559 2093 1630 2119 seu

128 2137 375 2188 incorporata
404 2139 514 2186 sunt,
554 2148 638 2174 cum
675 2134 768 2174 haec
806 2148 958 2186 quoque
982 2135 1106 2173 aliena
1136 2134 1417 2184 quodammodo
1454 2149 1541 2175 esse
1574 2138 1630 2175 vi-

129 2193 306 2232 deantur.
358 2192 462 2232 Duc.

243 2263 285 2302 Ρ.
315 2249 400 2292 605
426 2250 563 2290 v.17.
623 2244 917 2299 Κυντιλιανόν]
959 2260 1072 2298 quem
1112 2247 1358 2297 Quintillum
1389 2253 1500 2287 vocat
1528 2249 1629 2288 ⁷-fre

130 2305 264 2345 bellius
290 2306 443 2357 Pollio,
477 2310 519 2344 ut
558 2308 597 2343 et
627 2304 815 2356 Vopiscus
853 2306 889 2342 in
920 2303 1138 2343 Aureliano:
1183 2301 1410 2344 Κύντιλλον
1448 2306 1628 2345 Zosimus

131 2362 196 2401 lib.
216 2364 241 2405 1
273 2361 325 2415 [c.
352 2362 424 2413 47,
449 2376 489 2415 Ρ.
518 2360 572 2404 42
605 2361 665 2399 ed.
692 2360 846 2411 Bonn.]
904 2359 1006 2399 Duc.

243 2433 285 2472 p-
312 2421 396 2462 606
421 2420 524 2461 v.1.
583 2416 851 2459 ἑπτακαίδεκα
879 2414 1011 2470 μόνας
1039 2414 1209 2469 ἡμέρας]
1251 2417 1305 2454 ita
1336 2418 1449 2456 etiam
1477 2418 1622 2458 Pollio:

130 2475 263 2515 Victor
317 2476 423 2516 aucis
444 2475 580 2515 diebus
609 2476 808 2526 imperium
837 2475 1008 2513 tenuisse
1028 2473 1249 2519 Quintillum
1272 2474 1336 2514 ait
1382 2473 1484 2515 Duc.
1540 2477 1621 2514 Zo-

130 2533 247 2572 simus
277 2534 440 2588 ολίγους
466 2534 617 2586 μῆνας,
648 2545 760 2583 quem
786 2545 832 2571 ex
856 2532 1010 2569 Zonara
1041 2530 1208 2569 correxit
1239 2530 1511 2570 Casaubonus:
1551 2533 1621 2572 sed

126 2602 367 2630 nummorum
395 2591 561 2630 varietas
585 2591 705 2628 maior
732 2593 791 2628 est
822 2601 935 2640 quam
961 2600 1033 2639 pro
1054 2588 1187 2639 paucis
1217 2586 1366 2625 diebus.

243 2661 284 2699 p.
317 2649 401 2689 607
426 2660 463 2687 v,
490 2649 531 2689 6.
591 2643 646 2699 ἢν
684 2645 786 2687 ἔνιοι
830 2643 904 2697 μὲν
945 2644 1004 2693 εἰς
1037 2641 1204 2696 Ῥώμην]
1247 2644 1370 2682 locum
1409 2634 1507 2682 hunc
1537 2644 1619 2683 Zo—

127 2714 245 2743 narae
274 2704 456 2755 expendit
484 2704 659 2755 Scaliger
686 2704 736 2742 ad
768 2702 975 2742 Eusebium
998 2715 1036 2754 Ρ.
1061 2702 1160 2751 239,
1204 2703 1228 2743 2
1260 2701 1352 2739 edit.
1408 2700 1512 2740 Duc.

241 2774 282 2813 Ρ.
308 2762 394 2802 607
420 2773 455 2799 v.
487 2762 556 2803 18.
609 2759 678 2801 καὶ
710 2776 792 2800 των
830 2758 984 2809 ἔξωθεν
1023 2756 1279 2811 φερομένων]
1318 2757 1454 2808 quibus
1495 2758 1623 2796 verbis

200 2825 370 2862 zonarae
385 2827 546 2862 Annales
570 2825 617 2862 11.
1288 2829 1343 2871 42
