1820 3120
263 120 356 167 138
726 122 952 168 IOANNIS
986 125 1246 169 ZONARAE

253 237 318 277 καὶ
348 235 398 276 τὰ
430 235 504 288 μὲν
537 240 676 289 πρῶτα
709 235 897 281 δ”4ννων
918 238 1013 288 τοὺς
1033 237 1212 289 ὑπάτους
1234 237 1492 295 προῦκαλεΐτο
1517 243 1572 292 εἷς
1594 238 1711 285 πόλε-

252 320 354 357 μον,
391 300 479 345 εἷθ’
505 301 670 359 ὕστερον
703 306 849 348 ἐκεῖνον
881 307 919 349 οῗ
946 305 1143 360 (Ρωμαῖοι
1174 307 1476 363 προῧκέκληντο.
1544 309 1618 360 ἕως
1639 311 1712 363 μέν

251 370 328 427 γὰρ
364 369 549 427 ἄφθονον
587 371 690 427 εἶχον
713 374 751 415 οἳ
779 373 977 428 ζΡωμαῖοι
1000 373 1168 432 τροφήν,
1194 375 1266 417 οὐκ
1289 373 1468 429 ἐτόλμων
1488 374 1710 432 μάχεσθαι,

251 442 308 495 τῷ
340 437 486 493 πλήθει
519 440 841 495 ε’λαττονούμενοι
852 474 866 494 ,
901 447 1006 500 λιμῷ
1031 444 1074 485 δὲ
1096 443 1168 497 τὴν
1190 441 1305 485 πόλιν
1327 441 1505 499 αἱρήσειν
1523 443 1710 499 ἤλπιζον·

192 513 224 547 D
255 507 336 549 ἐπεὶ
361 507 405 549 δέ
428 508 538 550 σίτου
561 508 782 562 ἐσπάνιζον,
807 510 920 552 αὐτοὶ
942 512 1015 565 μὲν
1034 509 1377 553 ἀποκινδυνεύσειν
1391 514 1744 568 προεθυμοῦντο,5

252 573 273 616 ὃ
307 574 350 616 δὲ
363 574 511 618 Ἄννων
535 575 673 628 ὤκνει,
708 575 961 628 ὑποπτεύσας
991 578 1060 620 διὰ
1092 579 1167 633 τὴν
1199 580 1436 636 προθυμίαν
1473 579 1713 636 haiom-975—

252 646 414 685 σεσθαι.
483 644 545 685 διὸ
571 646 611 686 οἵ
631 662 672 687 τε
696 644 810 687 ἄλλοι
834 645 884 686 τὰ
908 650 987 687 τῶν
1003 643 1219 699 εΡωμαίων
1242 644 1480 704 θεραπεύειν
1500 646 1636 702 ἠξίουν
1658 645 1713 699 ὧς

252 710 384 765 ἀκμὴν
407 711 677 766 νενικηκότων,
701 715 766 754 καὶ
790 710 811 754 ὅ
831 712 976 769 Ἱέρων,
1011 712 1262 770 ἀπροθύμως
1276 715 1412 766 αὐτοῖς
1429 713 1714 771 συναιρόμενος

251 777 468 835 πρότερον,
512 778 601 822 τότε
637 787 746 823 σῖτον
779 780 915 831 αὐτοῖς
950 781 1152 836 ἔπεμψεν,
1199 782 1301 826 ὥστε
1332 782 1516 834 καὶτοὺς
1536 781 1713 834 ὖπάτους

253 847 553 902 ἀναθαρσῆσαι.
1720 860 1766 894 10

379 914 525 956 ’Άννων
548 915 592 956 δὲ
616 915 839 970 ἐπεχείρησε
862 914 996 970 μάχην
1021 915 1202 971 συνάψαι
1215 949 1228 969 ,
1264 918 1427 968 ἐλπίσας
1448 919 1514 959 καὶ
1537 917 1607 960 τὸν
1622 917 1712 960 Ἀν-

215 995 218 997 ·
252 983 367 1035 νίβαν
399 984 442 1024 ἐκ
473 986 546 1025 τοῦ
581 984 735 1036 τείχους
767 982 869 1025 κατὰ
893 982 1020 1026 νώτου
1044 991 1127 1035 τοῖς
1144 983 1362 1038 εΡωμαιόις
1382 989 1710 1042 προσπεσεῖσθαι.

250 1049 273 1091 ὃ
305 1049 509 1104 μαθόντες
544 1050 580 1092 οἳ
611 1048 756 1093 ὕπατοι
785 1049 986 1105 ἡσύχαζον
995 1084 1006 1102 ,
1049 1051 1150 1096 ὥστε
1173 1052 1242 1095 τὸν
1257 1051 1431 1099 Ἄννωνα
1453 1051 1712 1110 καταφρονή-

251 1135 378 1161 σαντα
410 1124 467 1175 frgi
499 1116 752 1175 ταφρεύματι
785 1124 1034 1175 προσελθεῖν.
1113 1120 1299 1175 ἔπεμψαν
1330 1121 1376 1163 δέ
1405 1137 1517 1172 τινας
1546 1120 1712 1163 κατόπιν

253 1187 376 1229 αὐτοῦ
401 1185 715 1242 ἐνεδρεύσοντας.
784 1188 929 1230 ἐκείνου
963 1189 1008 1230 δὲ
1029 1188 1130 1245 πρὸς
1153 1188 1322 1246 ἑσπέραν
1346 1189 1474 1239 ἀδεῶς
1495 1190 1560 1231 καὶ
1583 1205 1709 1231 κατα·
1721 1200 1764 1235 15

68 1262 97 1295 P
119 1261 137 1295 I
159 1261 229 1298 386
254 1259 501 1311 φρονητικῶς
534 1253 797 1310 ἔπανάγοντος
812 1287 823 1306 ,
868 1256 910 1298 ἴκ
934 1273 973 1298 τε
996 1260 1069 1310 τῆς
1091 1257 1252 1313 ἐνέδρας
1275 1259 1340 1299 καὶ
1363 1257 1406 1298 ἐκ
1428 1261 1500 1298 τοῦ
1517 1255 1711 1314 χαρακώ-

250 1340 378 1378 ματος
410 1323 520 1380 αὗτῷ
553 1323 590 1364 οἳ
607 1321 805 1377 εΡωμοιῖοι
839 1324 1071 1377 συνέμιξαν,
1107 1326 1173 1366 καὶ
1197 1323 1321 1381 φόνον
1343 1324 1468 1367 πολὺν
1489 1326 1556 1367 καὶ
1580 1325 1712 1367 αὐτῶν

251 1393 317 1434 καὶ
351 1395 430 1434 τῶν
462 1389 688 1447 ἐλεφάντων
724 1389 971 1447 εἵργάσαντο.
1042 1390 1062 1434 ὅ
1101 1393 1147 1434 δ’
1178 1391 1360 1446 Ἀννίβας
1391 1393 1433 1434 ἓν
1460 1390 1590 1450 τούτῳ
1624 1399 1713 1442 ταῖς

251 1466 415 1515 σκηναῖς
446 1463 526 1502 τῶν
543 1457 758 1513 ζΡωμαίων
789 1460 971 1502 ἐπελθών
1004 1458 1250 1516 ἐξεκρούσθη
1280 1458 1358 1502 ὑπὸ
1381 1465 1461 1503 τῶν
1484 1458 1711 1518 φυλαττόν-

248 1545 328 1570 των
351 1525 488 1577 αὖτάς.
557 1524 578 1568 ὃ
603 1527 643 1568 ‹5’
662 1526 808 1569 ’Άννων
831 1529 886 1577 εἷς
909 1528 980 1580 τὴν
996 1525 1240 1584 “Ηράκλειαν
1263 1529 1480 1586 κατέφυγε,
1515 1528 1561 1570 τὸ
1584 1537 1764 1584 arpa-20
1819 1547 1820 1553 ¹

248 1595 415 1638 τόπεδον
441 1593 623 1637 ἐκλιπών.
692 1596 758 1637 καὶ
783 1593 803 1637 ὃ
822 1595 1005 1650 Ἀννίβας
1026 1596 1168 1646 νυκτὸς
1191 1598 1378 1654 ε’κὸρᾶναι
1402 1601 1475 1639 τοῦ
1491 1594 1711 1653 Ἀκράγαν-

340 1714 364 1749 3
387 1708 545 1757 ἐτόλμων
566 1709 754 1757 μάχεσθαι
775 1712 817 1756 A,
839 1710 1017 1757 ἐτόλμουν
1038 1711 1269 1758 μαχέσασθαι
1290 1713 1380 1749 PW.
1492 1713 1516 1749 4
1538 1708 1710 1748 ἐλαττού-

342 1770 445 1803 μενοι
469 1759 511 1795 Α.
624 1756 799 1803 ἤλπιζον]
827 1755 973 1802 ἔμελλον
995 1759 1036 1795 Β.
1153 1759 1173 1792 6
1198 1756 1217 1792 ὁ
1243 1754 1367 1792 ἅννων
1392 1754 1434 1792 δὲ
1457 1759 1500 1797 Α.
1617 1758 1638 1794 7
1662 1756 1710 1793 τὰ

342 1817 395 1839 om
420 1804 462 1839 Α.
554 1807 577 1841 8
599 1801 700 1848 ἀκμὴ
725 1804 766 1848 C,
789 1800 924 1848 ἅκμητὶ
946 1805 1020 1839 AB.
1120 1801 1246 1843 αὐτοῖς
1272 1816 1324 1838 om
1349 1805 1392 1839 C.
1485 1805 1529 1840 12
1551 1815 1710 1847 προσπε-

339 1853 417 1885 σεῖν
439 1852 481 1884 A.
575 1851 618 1884 13
641 1846 707 1883 τὸν
729 1862 782 1883 om
807 1851 847 1886 A.
939 1846 1287 1894 καταφρονήσαντες
1303 1849 1344 1883 Α.
1435 1850 1480 1885 15
1495 1846 1625 1895 α’δεῶς]
1649 1850 1708 1884 δε-

339 1893 426 1936 διώς
448 1897 490 1930 C.
628 1897 672 1932 16
695 1892 735 1931 ἐκ
757 1896 902 1930 alterum
924 1896 991 1929 add
1015 1896 1058 1929 B.
1197 1894 1241 1931 17
1259 1891 1482 1940 προσέμιξαν
1505 1895 1578 1931 ΑΒ.

248 2001 351 2043 gento
376 1998 496 2041 distat,
520 1996 644 2032 bellum
667 1997 789 2042 gessit.
835 2009 875 2032 ac
897 1997 1029 2043 praelia
1075 1997 1160 2041 lura,
1185 1996 1340 2042 quamvis
1363 2007 1432 2030 non
1454 2007 1591 2042 magna,
1615 2008 1708 2030 com-

248 2044 352 2077 missa
375 2049 465 2086 sunt,
489 2043 633 2089 primum
652 2043 821 2076 Hannone
848 2044 1020 2086 consules,
1068 2043 1167 2077 einde
1190 2043 1388 2076 consulibus
1402 2042 1604 2076 Hannonem
1627 2054 1709 2088 pro—

248 2089 469 2123 vocantibus.
517 2101 592 2122 nam
618 2090 697 2122 dum
716 2089 865 2123 Romani
888 2089 1022 2135 copiam
1045 2088 1251 2122 cibariorum
1274 2088 1459 2130 habebant,
1484 2098 1625 2122 numero
1647 2088 1709 2121 mi-

247 2135 344 2168 litum
368 2134 552 2169 inferiores
575 2145 723 2179 pugnam
749 2135 1002 2177 detrectabant,
1028 2146 1066 2168 se
1092 2135 1179 2168 fame
1202 2134 1323 2167 urbem
1344 2137 1603 2178 expugnaturos
1626 2144 1708 2178 spe-

246 2186 385 2216 rantes:
411 2191 485 2214 cum
510 2191 592 2215 vero
616 2181 789 2214 frumento
813 2181 1013 2223 deficerent,
1038 2180 1080 2213 ad
1104 2179 1346 2213 decertandum
1362 2179 1493 2213 alacres
1508 2179 1595 2213 facti
1615 2184 1709 2223 sunt,

246 2226 372 2260 Hanno
397 2237 482 2259 vero
505 2226 681 2271 pugnandi
704 2226 844 2272 copiam.
864 2226 914 2260 eis
935 2226 1053 2259 facere
1077 2225 1197 2268 noluit,
1221 2224 1355 2259 veritus
1378 2235 1423 2258 ne
1445 2225 1627 2258 alacritate
1647 2224 1708 2258 illa

245 2271 282 2305 in
316 2271 462 2305 insidias
496 2272 726 2316 pelliceretur.
774 2272 864 2306 unde
897 2272 1026 2306 factum
1057 2276 1110 2304 est
1135 2275 1173 2304 ut
1201 2274 1236 2304 et
1271 2270 1329 2303 alii
1350 2269 1516 2304 Romanis
1544 2275 1707 2315 tanquam

246 2317 439 2351 victoribus
463 2318 653 2362 studerent,
679 2322 715 2351 et
736 2318 888 2360 Hieron,
915 2322 998 2351 ante
1017 2315 1172 2361 segniter
1192 2315 1354 2350 auxiliari
1373 2315 1514 2358 solitus,
1537 2321 1610 2351 tum
1632 2316 1707 2350 fru-

246 2368 394 2398 mentum
419 2363 669 2400 summitterett
690 2364 781 2397 unde
803 2363 950 2397 Romani
972 2362 1101 2396 animos
1123 2364 1342 2408 receperunt.

383 2409 508 2443 Hanno
534 2420 616 2443 vero
639 2420 786 2454 pugnam
810 2409 1022 2443 committere
1044 2407 1214 2450 instituit,
1248 2407 1352 2441 etiam
1374 2405 1602 2441 Hannibalem
1625 2417 1708 2440 eru-

246 2455 367 2501 ptione
396 2455 491 2488 facta
520 2454 690 2488 Romanos
713 2466 734 2489 a
756 2459 857 2499 tergo
882 2465 1059 2489 caesurum
1082 2463 1237 2498 sperans.
1285 2464 1353 2498 quo
1377 2453 1532 2487 consules
1554 2451 1708 2486 animad-

247 2512 351 2534 verso
376 2511 452 2534 cum
474 2500 703 2544 quiescerent,
727 2505 764 2534 et
783 2501 909 2534 Hanno
927 2511 989 2545 per
1012 2502 1241 2543 contemptum
1257 2509 1367 2543 usque
1381 2499 1424 2532 ad
1437 2498 1563 2534 vallum
1586 2508 1706 2531 acces-

245 2546 372 2590 sisset,
399 2546 530 2590 aliquot
551 2546 716 2580 miserunt
739 2546 800 2590 qui
823 2546 857 2580 ei
881 2558 901 2580 a
923 2551 1024 2590 tergo
1042 2544 1299 2578 insidiarentur.
1345 2544 1470 2589 illoque
1493 2544 1556 2578 sub
1580 2554 1706 2588 vespe·

245 2602 317 2625 ram
349 2603 469 2625 secure
504 2596 541 2626 et
571 2593 788 2637 contemptim
824 2591 1013 2626 exercitum
1045 2590 1231 2624 reducente
1263 2589 1403 2624 Romani
1435 2594 1505 2624 tam
1538 2600 1582 2623 ex
1614 2589 1706 2623 vallo

245 2647 346 2681 quam
369 2648 411 2670 ex
428 2636 562 2671 insidiis
586 2649 662 2671 eum
685 2638 841 2683 aggressi
861 2637 997 2672 multam
1019 2639 1056 2671 et
1073 2635 1242 2670 hominum
1273 2639 1308 2670 et
1336 2635 1594 2680 elephantorum
1624 2645 1706 2668 cae-

245 2683 320 2716 dem
355 2683 549 2717 ediderunt.
604 2683 740 2717 interea
759 2683 936 2717 Hannibal
966 2682 1192 2716 Romanorum
1219 2685 1336 2715 castra
1358 2681 1499 2715 adortus
1532 2683 1606 2723 est,
1640 2679 1702 2714 sed

246 2727 406 2772 repulsus
444 2740 465 2762 a
498 2729 712 2763 custodibus.
773 2730 898 2762 Hanno
940 2727 1064 2762 castris
1100 2726 1248 2762 desertis
1290 2726 1492 2761 Heracleam
1533 2725 1704 2769 confugit.

246 2773 421 2808 Hannibal
448 2778 549 2808 noctu
575 2774 767 2820 Agrigento
791 2773 1011 2820 profugiendi
1045 2776 1146 2819 capto
1179 2772 1319 2810 consilio
1353 2772 1430 2817 ipse
1451 2771 1586 2817 quidem
1618 2770 1702 2805 clam
