1820 3120
273 120 367 166 132
744 117 966 162 IOANNIS
999 117 1260 162 zoNARAE

268 232 356 273 κιάν
378 224 650 282 στειλάμενοι,
681 225 769 272 τότε
792 231 836 272 δ’
861 228 940 273 ὑπὸ
957 228 1135 288 Ἱέρωνος
1156 227 1504 287 πολιορκούμενοι,
1537 231 1724 274 &uexau-

269 313 389 342 σαντο
419 295 514 346 τοὺς
538 294 761 351 Ῥωμαίους
784 295 851 340 οἶα
873 300 987 356 σφίσι
1009 297 1297 355 προσήκοντας.
1363 300 1538 343 κάκεῖνοι
1554 297 1725 355 ἑτοίμως
1789 294 1797 327 Ϊ“

266 366 527 421 ἐπικουρῆσαι
562 363 698 415 αὐτοῖς
728 365 1004 422 ἐψηφίσαντο,
1038 365 1182 418 εἷδότες
1207 366 1293 419 ὅτι,
1328 365 1380 409 ἂν
1399 372 1472 422 τῆς
1492 367 1724 423 συμμαχίας

217 439 245 473 Β
270 433 402 475 αὐτῶν
435 432 474 474 οἳ
495 430 839 488 Μαμερτῖνοιμὴ
872 434 1111 488 τεύξωνται,
1162 435 1264 491 πρὸς
1294 435 1388 485 τοὺς
1420 436 1724 491 Καρχηδονίους

265 499 557 559 τραπήσονται,
593 499 766 543 κάκεῖνοι
797 506 869 556 τῆς
899 519 939 545 τε
971 505 1157 553 Σικελίας
1192 502 1288 558 ὅλης
1319 501 1566 559 κρατήσουσι
1589 504 1660 547 καὶ
1683 503 1756 553 ἐς5

265 570 339 625 τὴν
361 569 533 612 Ἰταλίαν
565 569 607 619 ἐξ
639 568 763 624 αὐτῆς
794 570 1071 625 διαβήσονται.
1138 569 1164 626 ἦ
1195 571 1273 627 γὰρ
1306 576 1427 624 νῆσος
1459 570 1561 626 αὕτη
1589 570 1722 628 βραχὺ

264 642 337 691 τῆς
366 637 532 693 ἠπείρου
563 637 705 691 διέχει,
741 635 795 687 ὥς
816 637 1072 691 μυθεύεσθαι
1096 637 1157 681 ὅτι
1180 640 1277 682 ποτὲ
1299 641 1365 681 καὶ
1389 638 1492 694 αὐτὴ
1513 638 1722 696 ἧπείρωτο.

262 704 290 760 ἢ
313 722 354 748 τε
379 700 449 747 οὖν
470 708 592 759 νῆσος
614 704 719 748 οὕτω
742 711 791 762 τῇ
812 706 960 765 Ἰταλίᾳ
985 707 1204 762 ἐπικειμένη
1235 705 1363 749 ἐδόκει
1388 706 1483 758 τοὺς
1504 708 1726 763 Καρχηδο-

263 774 372 823 νίους
403 773 699 816 ἐκκαλέσασθαι
732 775 798 816 καὶ
831 779 910 817 τῶν
941 774 1154 832 ἀντιπέραν
1190 772 1566 830 ἀντιποιήσασθαι,
1600 773 1652 818 ἄν
1681 790 1724 830 γε

262 839 412 896 ταύτην
434 839 678 895 κατάσχωσι,
712 843 779 883 καὶ
801 839 827 896 ἡ
851 842 1052 898 Μεσσήνη
1075 849 1236 900 παρεῖχε
1259 850 1342 894 τοῖς
1363 848 1577 900 κρατοῦσιν
1599 842 1724 898 αὐτῆς
1734 849 1781 886 10

261 910 328 950 καὶ
350 913 424 951 τοῦ
443 913 636 965 πορθμοῦ
658 908 864 966 κυριεύειν.
1326 959 1329 961 ‚

403 975 683 1033 Ψηφισάμενοι
727 978 771 1019 δὲ
800 975 999 1033 βοήθειαν
1030 977 1068 1019 οἳ
1094 975 1286 1032 Ῥωμαῖοι
1318 985 1401 1028 τοῖς
1432 979 1722 1036 Μαμερτίνοις,

66 1058 113 1092 w
136 1057 238 1092 1153
262 1044 310 1086 οὗ
342 1045 494 1099 ταχέως
531 1045 668 1095 αὐτοῖς
702 1044 972 1101 ἐπεκούρησαν
1018 1044 1086 1087 διά
1122 1063 1235 1096 τινας
1270 1045 1550 1100 ἐπισυμβάσας
1582 1047 1725 1096 αἰτίας.

211 1121 242 1156 C
265 1111 362 1155 ὅθεν
379 1110 531 1168 ἀνάγκῃ
548 1112 766 1167 πιεζόμενοι
787 1114 823 1156 οἱ
835 1117 1091 1169 Μαμερτῖνοι
1105 1113 1410 1170 Καρχηδονίους
1427 1114 1725 1157 ἐπεκαλέσαντο.

260 1181 298 1223 οἳ
331 1181 373 1222 δὲ
403 1182 469 1222 καὶ
492 1179 649 1231 ἑαυτοῖς
681 1184 747 1223 καὶ
772 1188 855 1232 τοῖς
878 1182 1227 1236 ἐπικαλεσαμένοις.
1246 1180 1405 1239 εἰρήνην
1427 1180 1723 1239 κατεπράξαντο
1735 1188 1779 1222 15

259 1248 361 1304 πρὸς
378 1246 552 1305 Ἱέρωνα,
582 1251 651 1290 ἵνα
673 1250 731 1304 μὴ
757 1250 794 1291 οἳ
812 1248 1010 1303 “Ρωμαΐοι
1033 1251 1074 1299 ἐς
1096 1250 1168 1304 τὴν
1191 1254 1312 1304 νῆσον
1335 1254 1598 1307 περαιωθῶσι
1609 1282 1623 1302 ,
1658 1251 1724 1292 καὶ

257 1316 328 1359 τὸν
361 1317 550 1373 πορθμὸν
582 1319 626 1359 δὲ
649 1319 715 1359 καὶ
738 1317 809 1370 τὴν
831 1317 946 1359 πόλιν
970 1316 1219 1373 ἐφύλασσον,
1243 1317 1440 1368 Ἄννωνος
1463 1323 1578 1375 σφῶν
1599 1317 1725 1373 ἡγου-

258 1384 393 1438 μένου.
470 1385 543 1426 κᾶν
583 1383 713 1442 τούτῳ
745 1383 869 1434 Γάϊος
899 1384 1108 1435 Κλαύδιος
1144 1389 1366 1441 χιλιαρχῶν
1399 1387 1541 1428 ναυσὶν
1573 1385 1726 1441 ὀλίγαις

256 1450 335 1493 ὑπὸ
352 1452 519 1494 Ἀππίου
543 1454 753 1495 Κλαυδίου
777 1455 1060 1510 προπεμφθεὶς
1082 1456 1138 1503 εἷς
1160 1453 1204 1495 τὸ
1222 1451 1386 1509 ζΡήγιον
1408 1453 1588 1511 ἀφίκετο.
1633 1456 1725 1496 δια-

258 1523 426 1562 πλεῦσαι
451 1520 494 1561 δὲ
516 1520 589 1562 οὐκ
612 1519 827 1577 ἐθάρρησε,
852 1521 954 1563 πολὺ
977 1525 1112 1562 πλεῖον
1135 1522 1181 1563 τὸ
1205 1526 1284 1563 τῶν
1308 1523 1600 1578 Καρχηδονίων
1617 1520 1781 1577 ὅρῶν20

256 1585 456 1630 ναυτικόν.
525 1587 678 1647 ἀκατίῳ
702 1589 742 1630 δ’
770 1588 899 1642 ἐμβὰς
919 1589 1114 1646 προσέσχε
1136 1593 1187 1646 τῇ
1210 1587 1411 1646 Μεσσήνῃ
1435 1591 1501 1632 καὶ
1520 1590 1724 1645 διειλέχθη

205 1664 236 1698 D
262 1654 397 1706 αῧτοῖς
429 1653 506 1698 ὅσα
539 1653 563 1698 ὃ
588 1656 728 1713 καιρὸς
749 1658 895 1700 ἐδίδου.
965 1654 1228 1701 ἀντειπόντων
1251 1658 1296 1700 δὲ
1318 1662 1397 1700 τῶν
1420 1659 1725 1714 Καρχηδονίων,

348 1785 370 1820 7
395 1779 488 1827 αὕτη
512 1784 601 1818 PW.
741 1785 785 1819 10
806 1781 963 1829 Μεσήνη
985 1784 1074 1820 PW.
1214 1785 1259 1820 12
1281 1781 1323 1819 δὲ
1347 1796 1402 1820 om
1425 1785 1481 1820 C.'
1594 1784 1639 1822 16
1663 1781 1723 1831 ἐς]

350 1825 509 1918 ῗιὲειίςήξ]
533 1875 622 1908 ΡΨ.
647 1829 690 1865 17
714 1826 756 1864 δὲ
780 1842 833 1864 om
856 1829 899 1864 A.
1060 1829 1103 1866 21
1128 1829 1303 1876 προσέσχε
1326 1830 1434 1875 ABG,
1457 1829 1612 1877 προέσχε
1634 1832 1722 1868 PW.

256 1990 330 2021 tum
353 1990 467 2020 autem
492 1986 535 2020 ab
561 1986 718 2020 Hierone
740 1986 999 2032 obsidebantur,
1023 1998 1122 2033 opem
1144 1987 1392 2032 Romanorum,
1424 1991 1466 2022 ut
1487 1998 1574 2033 quos
1597 1999 1723 2034 cogna—

256 2033 353 2067 tione
376 2031 601 2076 attingerent,
625 2032 868 2077 implorarunt:
891 2034 1017 2078 quibus
1041 2033 1204 2068 alacriter
1226 2033 1354 2067 auxilia
1369 2037 1450 2068 sunt
1464 2033 1616 2069 decreta.
1662 2045 1724 2069 ne-

257 2089 326 2122 que
354 2077 444 2111 enim
478 2078 657 2111 obscurum
692 2082 769 2112 erat
798 2078 1021 2113 Mamertinos
1054 2079 1098 2113 ad
1122 2078 1430 2124 Carthaginienses
1450 2079 1663 2115 transituros
1691 2080 1723 2116 si

257 2123 455 2157 aRomanis
478 2123 770 2157 destituerentur:
801 2124 861 2169 qui
884 2125 1033 2159 subacta
1055 2129 1132 2158 tota
1153 2124 1274 2158 Sicilia
1291 2124 1374 2158 inde
1397 2124 1435 2158 in
1454 2123 1586 2159 Italiam
1608 2131 1723 2160 trans-

255 2168 343 2202 ituri
366 2172 493 2213 essent.
541 2179 583 2202 ea
605 2169 694 2203 enim
716 2170 827 2203 insula
851 2181 973 2216 parum
999 2181 1019 2204 a
1042 2170 1242 2204 continente
1265 2170 1390 2214 distat,
1426 2170 1518 2204 unde
1548 2170 1630 2206 olim
1652 2172 1724 2207 lta-

258 2214 326 2248 liae
355 2213 465 2247 fuisse
494 2213 643 2248 iunctam
666 2215 878 2260 fabulantur.
926 2217 970 2250 ob
993 2216 1095 2250 situm
1119 2215 1230 2260 igitur
1251 2214 1375 2250 Italiae
1397 2220 1468 2250 tam
1490 2216 1722 2263 propinquum

258 2258 566 2302 Carthaginienses
590 2259 740 2294 invitare
763 2261 951 2296 videbatur
973 2265 1010 2295 ut
1033 2273 1075 2295 ea
1099 2263 1268 2307 occupata
1291 2261 1393 2295 etiam
1416 2262 1613 2306 oppositam
1636 2274 1723 2297 con·
1777 2281 1781 2283 ἡ

257 2304 427 2338 tinentem
448 2304 517 2338 sibi
537 2305 773 2339 vindicarent:
797 2311 833 2340 et
857 2307 917 2351 qui
939 2307 1135 2343 Messanam
1158 2307 1338 2351 tenebant,
1361 2306 1463 2341 etiam
1488 2307 1615 2350 fretum
1635 2308 1722 2343 illud

258 2355 443 2394 angustum
466 2350 502 2383 in
518 2355 692 2395 potestate
714 2352 901 2387 habebant.

396 2395 539 2429 Romani
570 2408 656 2430 vero
689 2398 820 2431 auxilia
843 2398 1058 2433 Mamertinis
1085 2397 1226 2432 decreta
1252 2398 1295 2432 ob
1319 2408 1442 2431 causas
1465 2397 1630 2443 quasdam
1651 2408 1720 2432 non
1778 2403 1783 2407 ”

259 2439 378 2474 statim
400 2440 587 2476 miserunt:
626 2453 735 2486 quare
755 2443 806 2477 illi
829 2450 975 2488 urgente
997 2443 1204 2478 necessitate
1228 2442 1535 2487 Carthaginienses
1557 2443 1721 2489 implora-

259 2489 355 2520 runt.
402 2486 461 2530 qui
497 2487 774 2533 etsupplicibus
808 2494 845 2522 et
872 2490 938 2524 sibi
959 2489 1043 2535 ipsis
1069 2500 1188 2534 pacem
1211 2499 1286 2522 cum
1309 2489 1463 2523 Hierone
1486 2489 1720 2532 confecerunt,

259 2542 302 2564 ne
325 2531 474 2565 Romani
500 2532 536 2566 in
558 2532 703 2567 insulam
726 2534 948 2576 traiicerent3
973 2539 1009 2569 et
1030 2536 1147 2569 urbem
1169 2537 1274 2579 atque
1296 2535 1423 2568 fretum
1437 2534 1610 2568 Hannone
1631 2534 1721 2568 duce

260 2577 536 2612 custodiverunt.
583 2579 717 2612 interea
742 2579 783 2612 C.
809 2581 976 2615 Claudius
1008 2579 1167 2614 tribunus
1196 2579 1336 2614 militum
1369 2581 1413 2614 ab
1437 2580 1491 2625 Ap
1517 2580 1550 2613 io
1573 2579 1720 2614 Claudio

260 2633 337 2655 cum
359 2623 481 2667 paucis
503 2624 650 2658 navibus
674 2626 886 2669 praemissus
910 2626 1079 2671 Rhegium
1103 2625 1211 2660 venit.
1235 2626 1297 2660 sed
1312 2636 1389 2659 cum
1403 2625 1495 2660 hosti
1509 2637 1562 2660 em
1577 2625 1720 2659 classem

259 2666 362 2711 longe
385 2669 543 2703 maiorem
566 2669 714 2713 videret,
738 2671 899 2706 traiicere
923 2683 990 2706 non
1006 2682 1121 2714 ausuS,
1145 2670 1306 2705 navicula
1321 2681 1509 2706 conscensa
1524 2670 1721 2705 Messanam

262 2713 417 2757 appulit,
452 2719 487 2748 et
509 2726 583 2749 cum
606 2715 819 2758 Mamertinis
842 2729 884 2752 ea
906 2717 1093 2752 collocutus
1125 2720 1180 2752 est
1199 2727 1288 2761 quae
1310 2721 1445 2762 tempus
1466 2717 1611 2752 ferebat.
1658 2716 1720 2750 sed

262 2758 608 2805 Carthaginiensibus
639 2761 843 2808 refragatis‚
876 2765 949 2798 tum
983 2763 1119 2808 quidem
1150 2762 1253 2798 rebus
1286 2761 1425 2800 infectis
1454 2763 1616 2798 recessim
1639 2764 1719 2808 post
1776 2780 1777 2784 =
