1820 3120
285 93 385 140 260
659 66 662 68 ’
769 93 1000 137 lomus
1034 93 1297 139 zomm

282 211 355 250 τοῦ
380 206 555 258 Βαιβίου
579 206 645 246 καὶ
672 208 975 250 τοῧ.Φιλίππου
998 205 1296 264 παρεστήσατο.
1350 205 1420 251 τόν
1441 224 1484 251 τε
1505 208 1585 266 γὰρ
1607 210 1758 265 Μεγα-
1806 233 1813 240 ·

226 281 257 315 C
283 275 499 327 λοπολίτην
541 272 744 316 Φίλιππον
779 273 880 318 ἑλῶν
922 278 977 325 εἷς
1016 275 1091 330 τὴν
1117 273 1278 329 Ῥώμην
1309 274 1514 320 ἀπέστειλε
1525 307 1540 329 ,
1586 279 1655 320 καὶ
1689 277 1759 320 τὸν

274 340 554 398 Ἀμύνανδρον
591 343 634 384 ἐκ
666 347 738 397 τῆς
769 344 899 400 ἀρχῆς
922 343 1106 397 ἐκβαλών
1130 348 1188 401 τῷ
1211 341 1426 386 Μακεδόνι
1450 343 1581 400 αὐτὴν
1591 345 1758 391 ἔδωκεν.

410 409 460 452 Ὁ
483 410 525 452 δ’
542 410 743 466 Ἀντίοχος
768 413 808 454 ἓν
830 410 988 462 τούτοις
1011 411 1184 467 ἡσυχίαν
1209 411 1317 467 ἄγων
1341 413 1383 454 ἓν
1405 416 1456 468 τῇ
1471 413 1756 459 Xeniadai-

278 483 438 534 τριβεν·
476 476 561 521 εἶτα
593 481 648 529 εἷς
680 480 754 534 τὴν
779 482 980 523 Βοιωτίαν
1004 479 1179 535 ἐλήλυθε
1203 480 1272 522 καὶ
1295 481 1337 523 ἓν
1359 485 1448 530 ταῖς
1473 479 1789 538 Θερμοκὸλαιςὸ
1818 475 1820 547 ξ

279 546 613 603 ἄντιπροσιόντας
645 548 683 589 οἳ
715 549 810 598 τοὺς
836 547 1062 603 Ῥωμαίους
1093 547 1302 603 ὖπέμεινε’
1347 548 1449 606 πρὸς
1479 548 1559 606 γὰρ
1581 548 1656 604 τὴν
1677 554 1757 593 τῶν

278 620 537 672 στρατιωτῶν
561 614 774 672 ὀλιγότητα
799 615 1014 671 σύμμαχον
1037 617 1109 672 τὴν
1133 621 1207 659 τοῦ
1225 618 1378 674 χωρίου
1402 615 1526 673 φύσιν
1549 617 1648 668 ἕξειν
1669 616 1757 661 ἐνό-

276 700 385 736 μισε.
456 686 521 725 καὶ
553 686 623 726 ἵνα
654 683 711 738 μή
745 702 782 726 τι
809 687 875 727 καὶ
907 685 1030 736 αὐτὸς
1051 684 1169 743 πάθῃ
1203 683 1289 728 οἷον
1321 685 1359 727 οἷ
1383 684 1574 741 “Ἐλληνες
1596 685 1635 728 οἳ
1657 686 1758 744 πρὸς
1819 676 1820 681 ¹

275 751 347 794 τὸν
380 754 535 806 Μῆδον
566 752 875 807 ἀντιταχθέντες
906 755 1006 806 ἐκεΐ,
1050 755 1173 812 μέρος
1198 771 1241 796 »τι
1272 757 1353 797 τῶν
1375 755 1578 796 Αἰτωλῶν
1610 755 1674 798 ἐπὶ
1705 754 1756 796 τὰ

277 818 386 875 ὄίκρα
416 824 497 862 τῶν
523 820 628 876 ὀρῶν
653 821 912 875 ἀνεβίβασεν,
950 822 1051 866 ὥστε
1077 826 1311 880 φρουρῆσαι
1339 821 1458 865 aerei.
1527 818 1549 865 ὅ
1575 823 1620 873 δὲ
1646 824 1814 868 Fau-10

277 889 405 944 βρίων
427 887 563 944 βραχύ
589 906 630 930 τε
654 893 734 931 τιῦν
755 892 916 948 χωρίων
939 889 1148 948 ἐφρόντισε
1173 892 1239 932 καὶ
1261 889 1335 945 τὴν
1356 889 1492 949 μα’χην
1514 890 1588 934 οὔκ
1608 890 1757 944 ἀνεβά-

278 959 368 998 λετο
383 987 396 1008 ,
434 957 541 998 ἀλλὰ
561 955 746 1011 Πόρκιον
768 959 842 1012 μὲν
867 957 1046 1003 Κάτωνα
1070 961 1137 1001 καὶ
1165 959 1416 1015 Οὐαλλέριον
1441 957 1632 1003 Φλάκκον
1653 957 1757 1002 ὓπο-

224 1030 256 1064 D
280 1022 532 1080 στρατήγους
565 1026 707 1075 νυκτὸς
741 1027 803 1068 ἐπὶ
838 1028 934 1077 τοὺς
955 1026 1172 1077 Αἰτωλοὺς
1204 1027 1300 1077 τοὺς
1322 1027 1365 1070 ἓν
1386 1026 1635 1084 τοῖςὸκρως
1656 1028 1758 1070 ἀπέ-

275 1097 452 1144 στειλεν,
492 1093 692 1143 αὐτὸςδὲ
727 1099 782 1152 τῷ
799 1095 994 1153 Ἀντιόχῳ
1025 1094 1104 1138 ὑπὸ
1143 1095 1216 1150 τὴν
1251 1095 1303 1138 ἕω
1326 1096 1522 1149 συνέμιξε.
1591 1099 1658 1139 καὶ
1683 1097 1758 1146 ἕως

273 1162 347 1215 μὲν
381 1163 421 1203 ἐν
456 1166 512 1219 τῷ
547 1160 689 1219 ὁμαλῷ
725 1162 917 1218 ἐμάχετο,
954 1163 1159 1221 ἐπεκράτει
1169 1195 1182 1215 ,
1229 1162 1569 1220 ἀναχωρήσαντος
1603 1165 1647 1207 δὲ
1682 1168 1754 1207 τοῦ
1767 1173 1811 1208 15

269 1228 475 1283 Ἀντιόχου
500 1230 601 1286 πρὸς
624 1230 674 1272 τὰ
697 1232 881 1288 μετέωρα
903 1233 1141 1287 ἠλαττοῦτο,
1165 1232 1306 1288 μέχρις
1329 1230 1350 1274 ὅ
1375 1230 1527 1276 Κάτων
1549 1233 1652 1276 κατὰ
1675 1231 1756 1276 νώ-

274 1314 347 1340 του
382 1298 419 1340 οἱ
452 1299 615 1353 ἐγένετο.
686 1306 770 1349 τοῖς
800 1300 879 1356 γὰρ
903 1304 1108 1351 Αἰτωλοῖς
1138 1300 1423 1343 καθεύδουσιν.
1444 1300 1630 1344 ἐπελθὼν
1659 1301 1757 1351 τοὺς

274 1367 348 1420 μὲν
382 1368 543 1416 πλειόυς
573 1367 772 1409 ἀπέκτεινε
808 1370 873 1410 καὶ
908 1369 1003 1419 τοὺς
1036 1370 1201 1419 λοιποὺς
1235 1369 1488 1422 διεσκέδασε,
1535 1369 1756 1412 κάντεῦθεν

277 1435 554 1490 καταδραμὼν
577 1437 644 1476 καὶ
668 1440 740 1490 τῆς
763 1435 873 1478 κάτω
897 1436 1033 1492 μάχης
1062 1438 1241 1491 μετέσχε.
1311 1439 1379 1479 καὶ
1402 1436 1472 1480 τόν
1495 1454 1536 1480 τε
1553 1439 1756 1493 Ἀντίοχον

81 1510 129 1546 W
145 1501 458 1559 11104ἕτρεψαν
481 1505 547 1545 καὶ
572 1504 616 1546 τὸ
642 1503 914 1560 στρατόπεδον
939 1506 1064 1548 αὐτοῦ
1089 1503 1208 1548 εἷλον.
1241 1507 1309 1548 καὶ
1332 1503 1354 1548 ὅ
1377 1506 1451 1561 μὲν
1473 1507 1514 1556 ἐς
1535 1506 1609 1561 τὴν
1631 1509 1813 1554 Χαλ-Ξο,

276 1573 370 1614 κίδα
395 1571 521 1621 εὐθὺς
545 1571 793 1629 ἀπεχώρησε,
827 1575 979 1627 μαθὼν
1003 1575 1046 1617 δὲ
1069 1574 1140 1617 τὸν
1160 1573 1315 1617 ὕπατον
1341 1572 1584 1632 προσιόντα,
1612 1576 1660 1625 ’ἐς
1682 1575 1755 1630 τὴν

274 1639 412 1684 Ἀσίαν
439 1641 690 1695 ἀνεκομίσθη
719 1640 879 1685 λαθώνε

270 1744 275 1748 ,
416 1710 499 1750 Καὶ
524 1710 597 1762 τὴν
619 1711 692 1762 μὲν
716 1712 920 1752 Βοιωτίαν
942 1711 1010 1752 καὶ
1033 1709 1106 1764 τὴν
1124 1708 1305 1763 Εὔβοιαν
1334 1708 1355 1752 ὅ
1375 1712 1592 1768 Γλαβρίων
1610 1711 1755 1754 αὐτίκα

92 1788 120 1822 Ρ
145 1787 163 1823 1
186 1788 255 1823 452
279 1777 467 1831 κατέσχε,
502 1782 554 1833 τῇ
579 1779 620 1819 δ’
641 1776 879 1839 ζΗρακλείρι,
914 1778 973 1833 μὴ
1003 1778 1290 1833 βουληθέντων
1323 1778 1436 1838 αὐτῷ
1464 1783 1755 1837 προσχωρῆσαι

372 1907 392 1938 l
416 1902 486 1949 γὰρ
510 1917 564 1940 om
587 1906 631 1942 C.
768 1907 791 1942 3
815 1904 1050 1953 ἆμένοινδρον
1072 1909 1118 1943 Α.

278 2022 314 2053 et
336 2018 501 2064 Philippo
524 2019 685 2063 subegit:
709 2031 786 2056 nam
807 2025 844 2055 et
866 2021 1061 2066 Philippum
1085 2020 1416 2067 Megalopolitanum
1446 2025 1585 2068 captum
1609 2021 1753 2058 Romam

277 2065 383 2109 misit,
411 2070 448 2098 et
470 2065 692 2108 Amynandro
716 2067 830 2100 eiecto
856 2067 1022 2101 dicionem
1047 2067 1123 2101 eius
1147 2067 1334 2101 Macedoni
1355 2067 1517 2104 tradidit.

416 2111 606 2145 Antiochus
632 2111 772 2146 interim
798 2113 964 2147 Chalcide
988 2113 1094 2147 otium
1120 2125 1228 2158 agens
1243 2137 1254 2156 ‚
1275 2117 1356 2158 post
1379 2113 1418 2147 in
1439 2113 1619 2148 Boeotiam
1644 2114 1755 2157 venit,

278 2157 313 2190 in
335 2156 585 2200 Thermopylis
616 2159 847 2192 Romanorum
882 2159 1140 2204 aggressionem
1172 2164 1452 2204 exspectaturus.
1498 2170 1579 2197 nam
1601 2159 1667 2194 loci
1691 2171 1754 2194 na-

276 2209 390 2236 turam
415 2203 586 2244 paucitati
609 2215 748 2238 suorum
774 2205 918 2239 militum
945 2205 1101 2239 subsidio
1125 2205 1202 2239 fore
1223 2205 1422 2246 iudicabat3
1447 2217 1490 2240 ac
1512 2217 1562 2240 ne
1579 2205 1670 2240 idem
1687 2206 1754 2240 sibi

280 2249 373 2292 quod
397 2248 545 2282 Graecis
570 2250 660 2283 bello
687 2251 828 2284 Persico
853 2250 1041 2293 accideret,
1065 2256 1200 2296 partem
1220 2251 1422 2285 Aetolorum
1444 2251 1480 2286 in
1499 2252 1667 2286 montium
1692 2263 1752 2286 ca—

280 2295 418 2328 cumina
442 2294 609 2340 praesidii
633 2307 738 2331 causa
762 2297 866 2333 misit.
914 2297 976 2332 sed
1002 2297 1158 2341 Glabrio,
1180 2297 1381 2342 contemptis
1403 2296 1559 2332 locorum
1582 2297 1754 2342 angustiis

281 2351 481 2385 pugnaque,
506 2351 576 2374 non
608 2342 738 2386 dilata,
770 2343 933 2376 Porcium
967 2343 1137 2377 catonem
1169 2347 1205 2377 et
1228 2342 1406 2377 Valerium
1430 2344 1594 2380 Flaccum
1615 2344 1753 2388 legatos

282 2393 386 2420 noctu
417 2390 541 2420 contra
571 2387 715 2422 Aetolos
748 2389 785 2422 in
818 2389 983 2423 montium
1014 2389 1191 2423 cacumina
1226 2388 1338 2423 misit:
1368 2389 1446 2434 ipse
1475 2401 1553 2424 cum
1576 2389 1751 2425 Antiocho

281 2443 380 2465 mane
403 2443 620 2476 congressus,
646 2435 723 2467 dum
749 2434 784 2467 in
808 2435 956 2479 planitie
977 2439 1151 2480 pugnatur
1173 2434 1357 2479 superior,
1381 2436 1536 2470 exercitu
1560 2436 1605 2470 ab
1626 2434 1751 2469 Antio-

281 2479 345 2511 cho
372 2478 414 2511 ad
439 2479 561 2512 altiora
587 2481 662 2513 loca
687 2481 855 2514 subducto
879 2481 1024 2515 inferior
1047 2480 1124 2524 fuit,
1147 2481 1257 2514 donec
1274 2481 1363 2514 Cato
1388 2481 1506 2516 hostes
1529 2493 1550 2516 a
1573 2485 1672 2526 tergo
1696 2485 1753 2516 est

281 2524 440 2557 adortus.
495 2524 555 2569 qui
580 2537 655 2559 cum
681 2527 821 2560 Aetolos
843 2527 1056 2560 dormientes
1078 2527 1325 2571 oppressisset,
1348 2527 1528 2572 plerisque
1550 2527 1675 2570 caesis,
1698 2538 1754 2561 re-

281 2569 385 2613 liquis
418 2570 618 2615 dissipatis,
665 2572 842 2615 decurrit,
886 2578 922 2606 et
951 2584 1089 2618 pugnae
1125 2572 1228 2607 etiam
1258 2572 1434 2607 inferioris
1463 2573 1533 2608 fuit
1560 2573 1750 2619 particeps,

283 2616 471 2649 Antiochus
507 2616 624 2651 victus
657 2624 693 2652 et
725 2619 852 2652 castris
887 2625 1011 2653 exutus
1046 2629 1124 2652 mox
1155 2618 1358 2654 Chalcidem
1388 2619 1501 2664 redit,
1534 2623 1569 2654 οἱ
1599 2618 1752 2654 consulis

282 2660 432 2696 adventu
459 2663 600 2706 cognito
625 2664 710 2697 clam
732 2665 768 2698 in
793 2665 912 2699 Asiam
937 2664 1097 2699 discedit.
1380 2685 1382 2687 >
1650 2700 1655 2704 .

420 2709 565 2741 Glabrio
593 2721 677 2743 vero
710 2711 889 2744 Boeotiam
924 2716 961 2745 et
991 2711 1173 2745 Euboeam
1203 2710 1324 2745 statim
1359 2712 1520 2756 occupat.
1577 2709 1751 2744 Heraclea

280 2751 416 2789 Aetolis
445 2754 657 2791 deditionem
689 2757 917 2793 renuentibus
949 2762 1172 2803 oppugnata,
1195 2757 1323 2793 urbem·
1346 2757 1548 2792 inferiorem
1570 2756 1752 2792 obsidione
