1794 3120
230 121 296 168 60
699 121 926 168 IOANNIS
961 123 1220 169 ZONARAE

229 236 271 278 αἱ
294 240 475 291 γυναῖκες
498 234 634 287 αὐτοῖς
652 236 935 295 ἐπεκούρησαν.
1004 237 1060 289 ὥς
1081 239 1158 296 γὰρ
1182 237 1207 293 ἥ
1230 241 1418 295 γερουσία
1434 239 1616 286 κάθοδον
1633 247 1689 300 τῷ

230 301 468 362 Κοριολάνῳ
493 305 736 362 ἐψηφίσατο,
759 308 825 349 καὶ
849 309 911 350 ἐπὶ
935 306 1064 364 τούτῳ
1088 308 1273 363 πρέσβεις
1290 308 1391 364 πρὸς
1408 309 1553 354 ἐκεῖνον
1571 308 1690 353 ἐστά-

177 375 206 409 C
231 376 371 427 λησαν,
404 373 548 424 ε’κεΐνος
570 375 636 416 καὶ
658 374 731 430 τὴν
748 374 890 431 χώραν
913 381 995 426 τοῖς
1023 374 1293 426 Οὐολούσκοις
1309 376 1564 434 ἀποδοθῆναι
1582 377 1689 435 ἀπῄ-

1780 419 1794 438 1¹4

226 458 283 483 τει
306 435 354 496 ἧς
378 442 419 499 ξν
442 449 524 492 τοῖς
546 444 638 499 πρὶν
660 444 848 498 πολέμοις
871 444 1091 501 ἐστέρηντο.
1144 444 1188 487 τὸ
1215 446 1257 486 δὲ
1279 449 1439 499 πλῆθος
1460 451 1533 502 τῆς
1548 445 1690 502 χώρας
1789 463 1794 502 1

224 509 271 552 οὗ
293 510 472 563 μεθίετο.
495 561 497 563 ‚
541 509 661 554 πάλιν
684 507 753 555 οὖν
776 511 889 569 ἑτέρα
914 515 1116 568 πρεσβεία.
1185 511 1206 556 ὃ
1233 514 1275 555 δὲ
1297 513 1722 572 περιθύμωςέφερενὸ
1792 518 1794 527 ¹

223 576 284 621 ὅτι
319 580 385 620 καὶ
409 580 496 635 περὶ
521 584 591 635 τῆς
613 578 766 623 ἑαυτῶν
788 580 1079 632 κινδυνεύοντες
1102 581 1196 624 οὐδ’
1231 581 1336 624 οὕτω
1367 587 1447 625 τῶν
1469 583 1689 640 ἀλλοτρίων

224 647 480 704 ἀφίστανται.
550 650 617 690 καὶ
648 647 799 692 τούτων
832 650 875 691 δὲ
906 650 1178 705 ἀγγελθέντων
1209 650 1346 700 αὗτοῖς
1377 651 1468 694 οὐδ’
1494 650 1550 695 ἔτι
1581 653 1689 699 κεκί-

225 733 340 770 νηντο
366 716 456 758 οὐδ’
482 714 560 759 ὑπὸ
585 721 664 760 τῶν
688 716 880 760 κινδύνων
903 718 941 760 οἶ
965 718 1106 774 ἄνδρες
1129 724 1200 761 τοῦ
1224 717 1448 772 στασιάζειν
1470 721 1687 771 ἐξίσταντο.

224 784 267 826 αἶ
303 785 346 826 δὲ
377 791 556 839 γυναῖκες
588 784 614 838 ἥ
647 803 688 828 τε
720 787 872 841 γαμετὴ
905 792 976 830 τοῦ
1003 786 1254 843 Κοριολάνου
1283 788 1543 842 Οὐολουμνία
1571 787 1685 843 καὶῆ
1731 840 1741 852 .

221 850 354 908 μήτηρ
384 854 626 909 Οὗετουρίνα
639 886 650 905 ,
672 852 750 896 ’καὶ
783 856 855 905 τὰς
886 855 1028 906 λοιπὰς
1051 856 1130 906 ,τὰς
1159 855 1475 913 ἐπιφανεστάτας
1496 861 1683 914 παραλα-
1697 862 1742 899 10

221 925 397 973 βοῦσαι,
444 916 573 974 ἦλθον
601 923 644 971 ἐς
675 922 719 965 τὸ
757 921 1028 976 στρατόπεδον
1059 924 1159 979 πρὸς
1192 923 1312 967 αὐτόν
1322 957 1336 977 ,
1370 928 1438 968 καὶ
1470 925 1520 968 τὰ
1539 927 1686 977 ιπαιδία

26 968 73 1001 W
93 966 130 1000 Π
150 968 194 1047 23
221 989 346 1031 αὐτοῦ
379 987 634 1044 ἐπαγόμεναι.
703 991 770 1030 καὶ
803 989 845 1030 αἶ
867 990 941 1043 μὲν
965 989 1084 1031 ἄλλαι
1108 997 1316 1034 σιωπῶσαι
1338 991 1534 1049 ἐδάκρυον
1542 1026 1554 1045 ,
1589 992 1616 1048 ἦ
1641 995 1686 1036 δὲ
1715 1023 1724 1034 ,

226 1057 471 1112 Οὗετουρίνα
498 1055 602 1098 ι(οὐκ
632 1055 1000 1112 ηὗτομολήκαμεν”
1033 1057 1111 1115 ἔφη
1138 1056 1328 1110 ε(τέκνον,
1372 1061 1468 1107 ἀλλ’
1493 1060 1519 1116 ἦ
1540 1065 1686 1117 πατρὶς

221 1124 330 1180 ἡμᾶς
354 1125 510 1179 ἔπεμψέ
532 1143 596 1167 σοι
609 1140 619 1149 ·
667 1128 700 1167 εἷ
721 1127 793 1179 μὲν
811 1128 993 1177 πείθοιο,
1026 1127 1182 1183 μητέρα
1199 1130 1266 1170 καὶ
1285 1135 1452 1183 γυναῖκα
1469 1131 1535 1172 καὶ
1552 1130 1684 1182 τέκνα,

221 1197 255 1237 εἰ
279 1195 323 1236 δὲ
347 1192 418 1248 μή,
454 1192 633 1250 λάφυρα.
677 1196 743 1236 καὶ
769 1197 803 1237 εἷ
825 1197 891 1236 καὶ
915 1200 983 1237 νῦν
1007 1194 1063 1238 ἔτι
1087 1195 1237 1252 ὀργίζῃ,
1261 1195 1426 1253 πρώτας
1448 1195 1556 1252 ἡμᾶς
1578 1197 1681 1241 ἀπό·
1694 1203 1737 1238 15
1791 1195 1794 1222 3

220 1280 382 1306 κτεινον.
451 1261 731 1317 καταλλάγηθι
763 1266 828 1305 καὶ
859 1264 998 1318 μηκέτι
1022 1264 1178 1321 ὃργίζου
1203 1271 1285 1315 τοῖς
1307 1267 1487 1316 πολίταις
1508 1273 1592 1318 τοῖς
1614 1269 1684 1324 φί-

220 1337 306 1382 λοις
328 1349 411 1381 τοις
435 1332 553 1388 ιεροΐς
575 1338 657 1382 τοῖς
679 1330 844 1389 τάφοις,
878 1334 983 1386 μηδὲ
1005 1331 1319 1390 ἒκπολιορκήσῃς
1348 1335 1423 1389 τὴν
1445 1337 1661 1390 πατρίδα
1643 1353 1684 1377 εν

218 1395 245 1457 ᾗ
277 1398 491 1456 ἓγεννι,θης
522 1402 588 1443 καὶ
622 1399 800 1457 ἐτράφης
832 1403 897 1442 καὶ
929 1401 974 1443 τὸ
1006 1402 1110 1456 μέγα
1141 1406 1259 1444 τοῦτο
1283 1401 1411 1456 ὄνομα
1433 1402 1683 1460 Κοριολάνος

219 1469 365 1524 εγένου.
433 1468 490 1523 μή
512 1487 563 1523 με
586 1468 790 1526 ἄπρακτον
813 1470 1080 1526 ἀποπέμψῃς,
1104 1470 1173 1512 ι’να
1194 1470 1252 1525 μὴ
1277 1472 1346 1513 καὶ
1367 1470 1509 1527 νεκράν
1530 1489 1580 1525 με
1605 1472 1682 1514 αὗ-

219 1539 394 1596 τοχειρία
417 1535 584 1595 θ·εάσῃ.”
655 1539 717 1580 ἐπὶ
742 1536 896 1588 τούτοις
919 1539 1147 1590 ἀνέκλαυσε,
1182 1541 1249 1581 καὶ
1272 1539 1366 1590 τοὺς
1380 1541 1562 1594 μαστοὺς
1577 1558 1679 1598 προ-
1690 1548 1736 1583 20
1790 1568 1794 1602 j

310 1645 333 1680 3
358 1642 558 1685 ούολίσκοις
582 1645 624 1680 C.
755 1646 776 1680 5
802 1642 821 1679 ὅ
847 1640 889 1678 δὲ
913 1642 1126 1690 περιθύμως
1147 1664 1193 1671 -
1216 1645 1239 1680 8
1262 1643 1469 1688 στασιάζειν
1491 1642 1679 1690 ἐξίσταντο

308 1691 431 1726 Dionis
437 1696 651 1749 excerptum
675 1691 879 1725 Vaticanum
904 1691 958 1726 16.
1109 1691 1131 1727 9
1156 1688 1198 1726 αἶ
1219 1687 1261 1726 δὲ
1284 1695 1454 1736 γυναῖκες
1475 1713 1522 1719 -
1543 1694 1590 1730 20
1614 1691 1680 1728 αὖ·

309 1737 470 1784 τοχειρίᾳ
493 1739 614 1792 θεασῃ
638 1737 762 1771 Dionis
786 1749 862 1771 exc.
890 1737 972 1773 Vat.
999 1737 1054 1772 17.
1200 1734 1243 1771 δε
1266 1738 1420 1782 ABCW,
1446 1750 1484 1774 τε
1505 1740 1532 1774 Ρ
1555 1740 1679 1774 Dionis

310 1795 386 1817 exc.
487 1779 710 1838 ούολουμνία
734 1784 808 1827 Bc,
836 1780 1050 1826 Οὗολομνία
1071 1783 1166 1817 PW=
1190 1783 1313 1818 Dionis
1336 1796 1411 1819 exc.
1434 1786 1678 1830 Βουλουμνία.

311 1830 356 1863 10
381 1833 415 1862 et
439 1829 483 1864 13
507 1825 742 1872 οὗετουρρίνα
766 1830 848 1864 BC:
872 1829 995 1862 Dionis
1021 1840 1096 1863 exc.
1122 1830 1313 1871 Βετουρία.
1476 1833 1517 1866 11
1544 1831 1678 1866 παιδία

308 1875 401 1908 ΑΒΟ
432 1875 554 1909 Dionis
586 1887 660 1909 exc.
671 1871 896 1920 ,παιδάρια
928 1876 1272 1910 PW.12
1295 1872 1446 1934 αὐτοῦ]
1480 1872 1602 1911 αυτ-ῶν
1634 1877 1677 1911 A.

311 1921 357 1956 14
379 1920 528 1954 πείθοιο
555 1921 584 1954 Α
610 1921 736 1955 Dionis
759 1933 846 1964 exc„
871 1918 1011 1955 πύθοιο
1034 1920 1315 1956 PW.17
1337 1917 1624 1977 ἔκπολιορκήσῃς
1645 1923 1677 1957 Α

309 1966 430 2000 Dionis
454 1978 543 2008 exc„
569 1948 862 2022 ἐκπολιορκήσας
884 1967 973 2001 PW.
1165 1966 1209 2002 18
1231 1964 1428 2011 Κοριόλαις
1450 1969 1571 2003 Dionis
1597 1981 1674 2004 exc.

311 2013 355 2047 19
365 2010 431 2067 μή
458 2024 500 2056 με
524 1991 595 2054 AB,
622 2010 728 2056 Μήτε
751 2014 842 2047 PW.
958 2010 1020 2046 καὶ
1044 2013 1111 2047 add
1136 2013 1197 2047 AB
1221 2013 1342 2047 Dionis
1365 2025 1438 2049 exc.
1487 2012 1492 2015 ’
1546 2015 1594 2048 20
1616 2012 1677 2048 ἐπὶ

309 2055 450 2097 τούτοις
474 2078 518 2082 —-
541 2071 574 2103 p.
600 2059 643 2093 61
670 2059 773 2093 v.12
795 2055 1001 2102 ἀπήλλαξεν
1025 2058 1148 2092 Dionis
1171 2065 1369 2104 excerptum
1395 2060 1598 2102 Vaticanum
1622 2060 1677 2095 18.

217 2156 295 2186 sent
329 2161 442 2195 opem.
490 2161 566 2182 nam
597 2161 672 2183 cum
696 2155 836 2184 senatus
861 2149 1046 2184 Coriolano
1070 2150 1216 2184 reditum
1240 2151 1454 2185 decrevisset
1476 2163 1516 2184 ac
1539 2151 1675 2196 legatos

216 2197 259 2231 ad
295 2207 370 2229 eum
394 2201 578 2239 propterea
606 2195 777 2239 misisset,
811 2200 847 2229 et
877 2196 934 2230 ille
964 2201 1003 2229 ut
1034 2196 1109 2239 agri
1139 2196 1379 2241 superioribus
1402 2197 1501 2232 bellis
1524 2197 1675 2242 adempti

221 2242 354 2276 Volscis
378 2241 607 2274 redderentur
628 2242 850 2286 postulasset,
873 2242 1091 2276 multitudine
1111 2242 1154 2276 de
1177 2242 1272 2287 agris
1295 2254 1363 2276 non
1389 2253 1529 2277 assensa
1553 2254 1674 2278 rursus

216 2288 284 2322 alia
317 2287 443 2331 legatio
479 2287 637 2320 mittitur.
686 2299 785 2332 quam
808 2289 864 2323 ille
885 2288 1050 2322 iracunde
1073 2288 1174 2332 tulit,
1205 2290 1297 2332 quod
1331 2289 1393 2333 qui
1422 2289 1465 2322 de
1487 2288 1560 2323 suis
1579 2289 1675 2334 agris

215 2333 497 2379 periclitarentur
532 2344 575 2366 ne
605 2333 655 2366 sic
687 2334 826 2378 quidem
855 2335 1018 2368 cederent
1047 2334 1181 2371 alienis.
1237 2335 1362 2379 quibus
1394 2334 1564 2369 nuntiatis
1598 2346 1674 2369 cum

216 2380 302 2413 nihil
332 2383 576 2422 moverentur,
615 2391 729 2424 neque
763 2380 818 2414 vel
851 2379 1009 2426 periculis
1042 2380 1206 2414 admoniti
1234 2392 1254 2414 a
1277 2380 1449 2415 seditione
1473 2381 1675 2415 recederent

217 2426 297 2468 viri,
322 2431 529 2466 matronae,
552 2425 729 2459 Coriolani
752 2437 837 2460 uxor
866 2426 1042 2460 Volumnia
1077 2431 1113 2459 et
1144 2430 1251 2460 mater
1275 2427 1442 2468 Veturia,
1476 2426 1674 2460 clarissimis

216 2473 410 2526 quibusque
434 2452 634 2505 mulieribus
660 2473 844 2525 assumptis
866 2473 902 2506 in
925 2477 1040 2506 castra
1064 2471 1211 2505 hostium
1236 2477 1318 2506 sunt
1341 2474 1531 2517 profectae,
1555 2472 1675 2507 liberis

216 2517 316 2551 etiam
342 2517 522 2551 Coriolani
544 2517 713 2551 adductis.
762 2519 907 2553 caeteris
930 2526 1041 2552 autem
1062 2518 1170 2552 tacite
1184 2518 1400 2562 plorantibus
1420 2515 1600 2553 Veturia“
1603 2530 1673 2552 non

217 2559 492 2608 transfugimus’'
527 2563 639 2608 inquit
668 2559 768 2607 “fili,
802 2565 862 2598 sed
894 2576 957 2598 nos
982 2564 1094 2609 patria
1117 2563 1227 2598 misit.
1259 2564 1290 2597 si
1319 2564 1498 2610 parueris,
1531 2570 1672 2598 matrem

217 2621 355 2643 uxorein
390 2615 427 2643 et
456 2609 608 2651 liberos;
636 2609 688 2643 sin
713 2610 832 2653 minus,
856 2611 1029 2656 praedam.
1075 2610 1169 2654 quod
1193 2609 1222 2643 si
1245 2613 1305 2644 tua
1329 2610 1474 2645 nondum
1498 2609 1672 2644 desaeviit

212 2656 404 2697 iracundia,
432 2667 492 2689 nos
518 2656 644 2700 primas
669 2656 830 2690 occidito.
878 2656 1103 2692 reconciliare
1126 2654 1252 2689 omissa
1274 2655 1327 2690 ira
1351 2656 1507 2698 civibus,
1539 2654 1671 2697 amicis,

212 2701 333 2744 sacris,
358 2701 596 2735 monumentis.
643 2702 711 2735 noli
734 2702 936 2737 exscindere
957 2702 1124 2748 patriam,
1146 2701 1184 2734 in
1207 2713 1275 2746 qua
1297 2707 1399 2737 natus
1421 2714 1460 2736 es
1484 2705 1520 2736 et
1542 2703 1671 2735 educa-

213 2753 268 2781 tus
292 2753 328 2781 et
351 2759 507 2792 inagnum
530 2747 612 2782 illud
635 2747 809 2782 Coriolani
833 2754 1094 2794 cognomentum
1115 2747 1275 2793 adeptus.
1323 2760 1367 2782 ne
1389 2759 1442 2782 me
1464 2747 1540 2782 voti
1562 2748 1672 2792 impo-

212 2799 280 2828 tem
303 2793 494 2838 dimiseris,
527 2805 571 2828 ne
596 2793 681 2829 meis
704 2795 858 2829 manibus
880 2796 1098 2830 interfectam
1121 2805 1175 2828 me
1195 2793 1327 2830 videas
1326 2790 1348 2804 ’²
1394 2793 1448 2828 hia
1471 2793 1573 2829 dictis
1595 2793 1671 2828 eiu·
