1794 3120
268 107 334 155 74
741 110 967 154 loANle
1002 112 1262 155 ZONARAE
1743 100 1746 101 ⁷
1776 0 1794 135 l

401 220 601 275 Πολέμων
625 224 669 266 δὲ
691 230 774 274 τοῖς
790 222 1001 279 Ῥωμαίοις
1025 227 1066 268 ἐκ
1091 224 1300 282 διαφόρων
1322 226 1452 270 ἐθνῶν
1473 229 1726 287 ἐπενηνεγμέ-
1784 239 1794 274 ἶ·-

233 310 235 314 ’
265 307 365 340 νων,
403 289 498 340 τοὺς
523 292 596 345 μὲν
629 293 670 334 ἐν
701 293 855 348 ὀλίγαις
885 292 1052 349 ἡμέραις
1076 295 1281 348 ἐνίκησαν,
1327 302 1409 346 τοΐς
1432 298 1476 339 δὲ
1500 301 1724 352 Τυρσηνοῖς

262 358 323 398 ἐπὶ
354 358 512 414 μακρὸν
544 362 808 416 ἐπολέμησαν.
874 364 1135 415 Ποστουμίου
1174 363 1218 404 δὲ
1248 362 1494 418 νενικηκότος
1524 365 1618 415 τοὺς
1639 367 1722 408 Αἶ-

261 426 406 476 κουοῦς
437 429 502 468 καὶ
536 429 711 484 μεγάλην
743 429 858 472 πόλιν
892 429 1050 480 ἑλόντος
1081 431 1238 482 αὐτῶν,
1279 430 1338 473 ὅτι
1368 431 1469 486 μήτ’
1503 434 1650 488 ἐκείνην
1683 434 1722 476 οἱ
1788 477 1794 490 γ,

209 505 238 539 Β
264 500 504 550 στρατιῶται
541 499 595 547 εἷς
627 499 829 554 προνομὴν
861 498 1171 556 ἐξεχωρήθησαν
1201 497 1301 553 μήτε
1325 517 1362 542 τι
1385 504 1456 554 τῆς
1478 500 1755 557 &luctulfi—5
1789 514 1794 517 ⁴

261 580 400 614 σαντες
418 563 576 618 ἔλαβον,
601 565 669 607 τόν
694 583 733 609 τε
758 569 905 620 ταμίαν
928 569 997 609 τὸν
1023 568 1300 623 διατιθέμενον
1324 568 1447 622 αὐτὴν
1470 568 1723 626 περιστάντες

260 630 493 688 ἐφόνευσαν,
529 636 594 675 καὶ
618 635 687 677 τὸν
709 635 970 687 Ποστούμιον
994 637 1235 688 ἐπιτιμῶντα
1258 637 1395 687 αὐτοῖς
1415 638 1477 679 ἐπὶ
1501 635 1630 694 τούτῳ
1653 639 1722 680 καὶ

260 701 452 754 ζητοῦντα
476 702 569 752 τοὺς
592 702 826 757 αὐτόχειρας
848 704 1198 759 προσαπέκτειναν,
1233 706 1299 745 καὶ
1323 705 1395 759 τὴν
1413 703 1554 761 χώραν
1576 705 1628 748 οὗ.
1648 706 1721 760 τὴν

259 768 514 822 αἰχμάλωτον
546 770 670 823 μόνον
703 771 807 812 ἀλλὰ
837 774 903 812 καὶ
937 777 1071 813 πᾶσαν
1103 774 1365 827 προσένειμαν
1399 771 1555 822 ἑαυτοῖς
1586 774 1658 828 τὴν
1680 775 1720 816 ἐν

258 841 314 893 τῷ
339 839 516 893 δημοσίῳ
541 838 628 881 τότε
652 839 940 894 τυγχάνουσαν.
1007 839 1082 882 κᾶν
1108 842 1168 882 ἐπὶ
1193 845 1375 883 πλεῖστον
1397 839 1422 894 ἦ
1447 841 1587 891 στάσις
1603 840 1718 897 ὁιήρ-
1730 856 1774 891 10

257 921 381 955 κεσεν,
418 908 452 946 εἷ
473 905 530 958 μὴ
555 905 727 958 πόλεμος
752 902 874 956 αὖθις
891 906 1102 959 Ῥωμαίοις
1125 909 1235 962 παρὰ
1259 914 1338 952 τῶν
1363 912 1554 952 Αἰκουῶν
1578 908 1719 964 ἐπενή-

253 988 377 1014 νεκτο.
448 974 697 1028 φοβηθέντες
726 974 803 1028 γὰρ
825 974 893 1015 διὰ
918 979 1035 1015 τοῦτο
1060 973 1290 1028 ἡσύχασαν,
1334 979 1399 1024 καὶ
1430 977 1502 1032 τὴν
1523 980 1717 1033 τιμωρίαν

253 1044 332 1082 τῶν
357 1038 491 1097 φόνων
523 1043 578 1090 εἷς
611 1042 768 1096 ὀλίγους
798 1043 1000 1084 ἐλθοῦσαν
1024 1041 1236 1095 ὑπέμειναν
1245 1075 1257 1094 ,
1301 1047 1368 1086 καὶ
1402 1046 1464 1086 ἐπὶ
1487 1045 1579 1095 τοὺς
1600 1047 1716 1088 ἐναν-

253 1109 361 1158 τίους
392 1108 704 1164 στρατεύσαντες
737 1108 847 1165 μάχῃ
876 1110 1022 1160 αὐτοὺς
1048 1110 1284 1165 νενικήκασι.
1355 1111 1416 1154 διὸ
1448 1111 1520 1167 τήν
1542 1130 1583 1156 τε
1608 1114 1715 1156 λείαν

203 1186 232 1220 C
258 1180 393 1226 αὐτοῖς
430 1177 467 1218 οἱ
500 1179 662 1220 δυνατοὶ
696 1179 882 1220 διέδοσαν
916 1181 980 1219 καὶ
1004 1179 1156 1231 μισθὸν
1179 1187 1262 1229 τοῖς
1285 1182 1413 1232 πεζοῖς
1438 1179 1521 1223 εἶτα
1544 1183 1608 1224 καὶ
1632 1188 1770 1231 tots-15

254 1245 435 1287 ἱππεῦσιν
460 1247 712 1302 ἐψηφίσαντο
729 1260 739 1270 ·
765 1247 911 1300 ἀμισθὶ
934 1247 1011 1302 γὰρ
1034 1249 1150 1302 μέχρι
1171 1246 1259 1289 τότε
1277 1251 1342 1290 καὶ
1362 1247 1551 1292 οἰκόσιτοι
1569 1251 1715 1307 ἐστρα-

255 1311 431 1356 τεύοντο·
468 1312 555 1356 τότε
581 1316 623 1356 δὲ
648 1319 805 1370 πρῶτον
827 1319 1096 1371 μισθοφορεῖν
1121 1315 1306 1371 ἤρξαντο.

387 1383 579 1435 Πολέμου
604 1384 647 1425 δὲ
671 1384 806 1432 αὐτοῖς
829 1383 928 1439 πρὸς
956 1384 1145 1433 Οὐϊέντας
1165 1383 1398 1435 συστάντος,
1433 1385 1506 1434 ἕως
1521 1385 1594 1438 μὲν
1611 1384 1714 1427 κατὰ

236 1455 361 1506 ’σφᾶς
393 1452 610 1503 ἐπολέμουν
644 1452 805 1502 ἐκεῖνοι,
841 1450 1032 1501 πολλάκις
1067 1452 1212 1501 αὐτοὺς
1243 1453 1281 1495 οἱ
1305 1450 1494 1506 Ῥωμαῖοι
1517 1454 1713 1508 ἐνίκησαν,

253 1521 320 1560 καὶ
357 1521 398 1568 ἐς
429 1522 658 1575 πολιορκίαν
689 1521 936 1573 κατέστησαν
958 1532 970 1543 ’
1015 1521 1340 1575 προσγενομένων
1373 1522 1416 1563 δὲ
1448 1521 1583 1571 αὐτοῖς
1605 1534 1768 1575 ‘my-20

252 1585 394 1641 μάχων
417 1589 636 1641 ἐπεξῆλθον
661 1596 743 1638 τοῖς
760 1587 971 1640 Ῥωμαίοις
993 1590 1059 1630 καὶ
1086 1587 1370 1644 ἐπεκράτησαν.
1429 1590 1470 1631 ἐν
1493 1588 1648 1639 τούτοις
1669 1590 1712 1631 δὲ

252 1654 277 1709 ἡ
306 1655 406 1710 πρὸς
432 1661 487 1712 τῷ
525 1655 607 1711 ὄρει
639 1662 696 1713 τῷ
725 1658 906 1712 Ἀλβανῷ
938 1650 1039 1697 οὖσα
1071 1659 1215 1710 λίμνη,
1249 1655 1326 1699 ὑπὸ
1351 1662 1430 1699 τῶν
1453 1658 1564 1712 πέριξ
1587 1658 1712 1711 αὐτῆς

252 1724 546 1778 περικλειομένη
583 1722 720 1780 λόφων
752 1727 817 1766 καὶ
847 1724 904 1778 μὴ
940 1724 1085 1777 ἔχουσα
1118 1723 1284 1779 ἐκροήν,
1319 1725 1422 1766 κατὰ
1450 1725 1518 1766 τὸν
1539 1729 1613 1779 τῆς
1635 1742 1710 1767 πο-

251 1793 430 1847 λιορκίας
463 1796 541 1833 τῶν
581 1793 778 1835 Οὖϊέντων
810 1792 952 1847 καιρὸν
983 1793 1023 1841 ἐς
1055 1795 1246 1835 τοσοῦτον
1277 1791 1607 1849 ἐπλημμύρησεν,
1656 1791 1710 1842 ὥς

342 1899 363 1931 5
388 1895 630 1977 §meX'gnoocv
653 1899 694 1932 B.
786 1899 833 1934 20
856 1895 896 1933 δ’
920 1899 962 1934 Β.
1052 1899 1097 1934 22
1121 1895 1145 1943 ἡ
1164 1898 1211 1948 νΆ,
1236 1897 1300 1934 καὶ
1322 1899 1411 1936 PW.
1504 1899 1550 1935 24
1573 1894 1706 1944 ἒπλήμ-

341 1955 454 1987 μυρεν
544 1969 554 1979 .

385 2035 520 2068 Deinde
544 2035 689 2068 Romani
718 2035 818 2068 bellis
842 2035 941 2080 petiti
966 2048 987 2069 a
1011 2035 1159 2070 diversis
1183 2035 1368 2079 gentibus,
1401 2038 1558 2069 caeteras
1586 2036 1705 2080 paucis

248 2081 371 2113 diebus
395 2080 567 2123 vicerunt,
592 2080 652 2113 sed
678 2092 751 2114 cum
775 2081 1096 2126 Tyrrhenis'longo
1122 2088 1274 2125 tempore
1286 2081 1520 2117 decertarunt.
1567 2080 1707 2124 milites,

251 2138 325 2159 cum
353 2126 547 2159 Postumius
573 2126 676 2159 victis
700 2127 828 2171 Aequis
852 2138 1002 2171 magnam
1028 2138 1144 2170 eorum
1167 2126 1286 2160 urbem
1309 2131 1539 2171 expugnatam
1562 2137 1632 2160 non
1655 2126 1706 2160 di-

250 2171 440 2215 ripiendam
464 2171 636 2214 dedisset,
660 2183 772 2217 neque
788 2184 831 2206 ex
847 2172 1011 2213 manubiis
1028 2172 1208 2217 quicquam
1226 2172 1465 2215 concessisset,
1488 2177 1707 2216 quaestorem

248 2217 406 2262 primum,
431 2217 555 2251 deinde
579 2218 686 2262 ipsum
713 2219 815 2252 etiam
839 2218 1063 2260 Postumium,
1087 2217 1324 2261 obiurgantem
1349 2223 1385 2251 et
1407 2217 1521 2251 caedis
1545 2223 1707 2252 auctores

250 2263 293 2297 ad
320 2262 522 2307 supplicium
547 2264 799 2307 postulantem,
834 2263 1053 2304 occiderunt;
1084 2274 1196 2308 neque
1226 2273 1347 2296 recens
1369 2268 1502 2308 captum
1526 2263 1707 2308 duntaxat,

250 2309 310 2342 sed
345 2320 475 2341 omnem
507 2309 678 2353 publicum
713 2320 831 2354 agrum
866 2310 932 2344 sibi
963 2309 1192 2344 vindicarunt,
1239 2320 1280 2342 ac
1310 2308 1473 2342 diuturna
1501 2309 1627 2342 fuisset
1649 2308 1707 2343 illa

247 2354 393 2398 seditio,
431 2354 497 2387 nisi
530 2354 609 2388 beili
641 2355 684 2387 ab
709 2355 838 2399 Aequis
870 2355 1097 2400 redintegrati
1121 2358 1255 2387 terrore
1279 2354 1505 2398 quievissent.
1553 2355 1707 2389 caedium

248 2411 362 2446 poena
397 2399 431 2433 in
465 2400 582 2444 paucis
615 2409 836 2444 consumpta,
870 2402 986 2436 hostes
1020 2402 1188 2434 vicerunt.
1221 2400 1459 2444 ⁴quamobrem
1484 2403 1645 2445 potentes
1668 2403 1706 2435 et

248 2445 426 2479 manubias
450 2445 543 2479 inter
566 2457 627 2479 eos
651 2446 912 2490 distribuerunt,
936 2451 970 2481 et
994 2446 1114 2492 pediti,
1138 2445 1261 2479 deinde
1277 2445 1379 2479 etiam
1405 2446 1513 2490 equiti
1534 2445 1704 2490 stipendia

249 2492 500 2525 decreverunt:
532 2503 608 2525 nam
640 2492 683 2525 ad
715 2492 749 2525 id
781 2504 890 2536 usque
923 2497 1055 2538 tempus
1088 2490 1164 2525 sine
1195 2491 1353 2524 mercede
1380 2503 1421 2525 ac
1446 2491 1519 2526 suis
1540 2491 1705 2536 impensis

249 2537 448 2578 militarent,
473 2549 513 2571 ac
537 2543 606 2571 tum
630 2538 763 2571 demum
786 2539 959 2583 stipendia
981 2549 1113 2572 merere
1138 2542 1338 2581 coeperunt.

387 2583 481 2616 Bello
507 2583 674 2617 adversus
698 2583 866 2618 Veientes
892 2590 993 2627 orto,-
1025 2584 1104 2617 dum
1128 2582 1180 2616 ini
1204 2593 1265 2615 suo
1290 2582 1403 2616 Marte
1428 2582 1646 2626 pugnabant,
1680 2592 1702 2615 a

250 2627 413 2661 Romanis
446 2641 550 2674 saepe
576 2629 659 2663 victi
691 2633 726 2662 et
749 2629 840 2663 intra
864 2629 998 2664 moenia.
1019 2627 1186 2673 compulsi
1207 2632 1308 2668 sunt3
1339 2627 1399 2661 sed
1423 2627 1591 2661 sociorum
1617 2626 1701 2660 viri-

249 2674 312 2707 bus
338 2674 444 2717 aucti‚
468 2675 653 2719 eruptione
676 2686 719 2708 ex
743 2675 829 2708 urbe
854 2677 948 2710 sacta
971 2676 1143 2710 Romanos
1166 2673 1406 2717 profligarunt.
1450 2672 1584 2706 interea
1606 2672 1702 2706 lacus

248 2718 402 2753 Albanus
425 2721 562 2754 tumulis
586 2720 735 2764 undique
758 2725 901 2766 septus,
921 2732 997 2756 cum
1019 2720 1145 2754 nullum
1169 2719 1313 2752 haberet
1335 2729 1424 2763 aqua
1446 2718 1591 2762 exitum,
1622 2715 1701 2752 dum

251 2764 329 2799 Veii
355 2765 555 2800 obsidentur
577 2766 627 2800 ita
649 2766 831 2801 inundavit
854 2771 894 2801 ut
917 2777 1005 2812 aqua
1027 2766 1119 2801 ultra
1142 2769 1275 2799 montes
1298 2765 1437 2799 evoluta
1459 2763 1503 2798 ad
1525 2775 1619 2799 mare
1641 2763 1701 2797 de-
