1786 3120
188 103 289 150 644
836 103 1045 146 NOTAE

187 215 296 253 huius
326 212 549 263 Pompeiani
579 211 732 261 gentilis
761 212 831 250 fuit
857 212 995 251 Sextus
1016 213 1223 254 vetulenus
1253 214 1383 254 Civica
1406 213 1662 268 Pompeianus

187 269 319 308 consul
347 282 432 306 cum
460 268 507 306 L.
540 268 699 305 Caionio
731 267 943 306 Commodo
981 282 1082 308 anno
1117 285 1154 310 u.
1179 285 1212 310 c.
1243 272 1326 313 888
1355 271 1482 323 [8892]ss
1529 273 1660 313 Duc.

186 327 240 364 M.
272 325 431 362 Clodius
461 324 655 374 Pupienus
680 323 880 374 Maximus,
909 338 1021 374 quem
1048 327 1103 366 sic
1124 328 1357 366 nominatum
1385 327 1501 366 fuisse
1520 331 1661 369 ammi

185 384 337 430 docent,
367 393 390 418 a
420 381 576 418 Graecis
606 380 853 430 scriptoribus
884 381 1112 430 Maximus,
1139 396 1163 421 a
1186 383 1338 423 Latinis
1355 382 1577 435 Pupienum
1583 397 1662 437 ap-

182 437 317 489 pellari
342 437 452 475 solet.
498 436 701 474 Maximum
729 438 890 475 eundem
922 450 1007 476 esse
1049 452 1162 490 quem
1191 439 1422 506 Pupienum
1439 438 1569 479 Iulius
1584 440 1662 480 Gn-

182 493 359 544 pitolinus
397 506 481 530 sero
515 493 729 542 suspicatus
769 497 850 542 est,
889 507 974 532 cum
999 496 1037 533 in
1065 497 1142 534 vita
1170 496 1361 534 Maximini
1387 497 1542 552 iunioris
1571 509 1606 535 c·
1629 498 1661 539 7

186 548 418 599 scripserit
419 547 501 586 ‘nisi
534 549 633 586 forte
662 549 760 586 idem
781 553 840 586 est
867 549 1058 601 Pupienus
1083 553 1147 602 qui
1171 556 1210 590 et
1235 549 1444 592 Maximus’'
1467 553 1534 605 (cf.
1560 553 1663 593 eius—

185 606 272 643 dem
309 606 388 644 vita
424 605 577 643 Maximi
618 608 657 642 et
684 605 834 642 Balbini
871 619 904 644 c.
939 609 1026 660 18).
1086 609 1258 647 Zonaras
1286 610 1402 660 igitur
1425 622 1521 660 quos
1544 609 1661 648 modo

184 661 387 699 Maximum
413 666 451 700 et
479 661 654 698 Albinum
680 662 922 713 nuncupavit,
952 666 1108 703 eosdem
1133 678 1232 703 nunc
1255 666 1525 717 Pompeianum
1551 665 1596 718 (ἱ.
1625 679 1660 704 e.

183 714 410 768 Pupienum)
443 722 481 755 et
511 718 714 755 Balbinum
741 718 934 768 appellare
963 721 1133 759 videtur„

297 788 334 824 Ρ.
366 774 447 815 579
476 787 514 815 v.
542 774 605 814 13.
657 770 945 826 παρεσιῶπτησα
965 777 1032 817 καὶ
1048 773 1183 825 αυτός·
1208 779 1250 819 οἷ
1269 777 1342 818 ‹3’‘'
1319 774 1453 830 ειτερόν
1467 792 1556 818 τινα
1571 772 1664 828 μεθ’

183 827 247 880 ὃν]
279 830 384 868 locus
414 830 474 867 hic
491 834 550 868 est
569 830 721 868 mutilus
751 830 790 868 in
817 831 937 869 tribus
968 834 1177 872 codicibus·
1209 848 1326 885 quare
1353 835 1428 874 tria
1455 834 1519 872 illa
1546 833 1663 872 verba

186 887 228 927 οἷ
255 882 288 926 δ’
318 883 451 939 ἕτερόν
480 902 570 926 τινα
599 886 719 924 omisi.
751 886 813 925 W.
843 909 901 916 —
929 902 1064 928 revera
1097 892 1235 930 desunt
1268 893 1308 929 in
1345 891 1458 930 codd.
1487 891 1584 942 Reg.
1622 893 1662 928 et

187 943 407 981 Colberteo.
463 943 565 981 Duc.
1242 962 1248 964 ι

298 1013 337 1050 p.
365 999 497 1040 582v
501 1000 609 1039 ..17
662 993 852 1050 Μάρκον]
887 1001 1007 1040 Marci
1042 1006 1081 1041 et
1117 1004 1249 1042 Severi
1283 1003 1483 1042 Hostiliani
1517 1002 1663 1051 imperii

183 1056 366 1094 memoria
394 1056 457 1093 uni
483 1056 658 1093 Zonarae
689 1055 863 1106 debetur,
889 1062 930 1096 ut
958 1059 1105 1109 pridem
1130 1060 1374 1098 observatum
1409 1072 1433 1098 a
1466 1060 1556 1110 viris
1591 1059 1663 1096 do-

184 1114 268 1150 ctis.
319 1112 573 1162 posteriorem
607 1111 835 1162 Stylzanum
864 1127 1063 1165 perperam
1098 1118 1210 1154 vertit
1239 1115 1422 1166 wolfius,
1463 1106 1623 1153 divulso
1639 1126 1662 1152 a

183 1182 278 1206 voce
313 1183 349 1208 ο.
395 1173 572 1219 corrupte
602 1169 701 1205 enim
734 1168 1010 1219 Ἰουστιλιανὸς
1044 1173 1256 1236 appellatur
1293 1173 1395 1223 apud
1433 1172 1662 1226 Οεάιειιιιφ,

184 1226 249 1275 qui
275 1225 392 1263 Marci
419 1226 562 1275 pariter
591 1225 779 1272 meminit,
817 1228 884 1264 sed
921 1227 959 1264 in
994 1229 1100 1266 annis
1128 1230 1324 1283 utriusque
1350 1229 1494 1280 imperii
1528 1228 1663 1265 mirum

183 1283 222 1319 in
259 1283 413 1318 modum
447 1285 582 1332 peccat
620 1280 684 1331 [T
717 1281 799 1332 Ip-
830 1282 910 1324 451
957 1285 1018 1322 ed.
1060 1285 1212 1335 Bonn.].
1278 1284 1380 1324 Duc.
1440 1286 1488 1322 de
1517 1285 1660 1323 Severo

183 1337 399 1375 Hostiliano
426 1338 474 1376 cf.
501 1337 670 1375 Eckhelii
697 1336 882 1375 Doctrina
911 1353 1110 1379 numorum
1138 1342 1212 1379 vol.
1242 1340 1312 1379 VII
1341 1353 1429 1392 pag.
1450 1340 1547 1381 351.

294 1407 332 1444 Ρ.
362 1394 445 1434 583
475 1407 511 1431 V.
547 1396 614 1434 17.
674 1389 889 1446 Εὗγενίας]
930 1398 1015 1435 vide
1050 1397 1317 1436 Casaubonum
1352 1399 1402 1436 ad
1438 1398 1543 1436 Hist.
1569 1394 1662 1434 Au—

184 1453 337 1498 gustam
365 1464 404 1500 p.
437 1450 535 1499 201,
566 1451 589 1490 2
621 1449 712 1487 edit.
759 1450 862 1489 Duc

296 1519 335 1556 p.
368 1503 450 1545 584
475 1518 512 1543 V.
545 1507 582 1546 2.
643 1507 847 1558 Μαρῖνος]
878 1508 986 1545 istius
1016 1508 1152 1546 Marini
1182 1513 1336 1561 praeter
1362 1510 1554 1548 Zonaram
1581 1521 1663 1547 me—

182 1562 290 1599 minit
327 1562 442 1599 etiam
477 1561 653 1598 Zosimus
696 1562 750 1612 [Ρ.
781 1563 834 1604 23
862 1576 899 1600 v.
926 1562 952 1601 4
974 1565 1033 1601 ed.
1065 1565 1226 1629 Bonna]
1257 1567 1361 1603 cuius
1385 1570 1574 1603 caeterum
1601 1565 1662 1602 vix

183 1617 272 1655 alibi
312 1618 451 1655 mentio
493 1617 669 1655 occurrit.
721 1617 823 1656 Duc.
888 1620 935 1657 de
986 1621 1147 1658 nummis
1183 1621 1437 1673 Philippopoli
1476 1620 1661 1658 Thraciae

182 1675 361 1724 signatis,
402 1673 539 1723 quibus
579 1674 802 1723 inscriptum
832 1676 950 1716 ΘΕΩ.
981 1676 1512 1726 MAPIN52‚v.Eckhe1ii
1526 1676 1662 1715 Doctr-

181 1743 283 1770 mun.
320 1730 393 1767 vol.
424 1730 492 1767 VII
520 1742 609 1780 pag.
635 1730 732 1770 373.

293 1800 332 1837 Ρ.
365 1783 448 1828 584
471 1799 507 1824 v.
539 1786 604 1827 23.
667 1781 990 1825 Φιλιππούπολιν
1032 1783 1252 1838 ὀνομάσας]
1295 1789 1396 1827 vide
1413 1787 1616 1833 observata
1638 1799 1661 1827 a

183 1843 379 1892 Scaligero
410 1843 459 1880 ad
489 1842 695 1880 Eusebium
723 1855 814 1893 pag.
847 1841 943 1910 245,
974 1844 998 1884 2
1031 1845 1121 1882 edit.
1175 1844 1277 1883 Duc.
1401 1876 1403 1878 .

296 1913 332 1949 p
365 1899 446 1940 589
477 1912 511 1936 v.
542 1899 606 1939 13.
665 1914 719 1946 ως
749 1895 849 1950 μηδὲ
878 1895 926 1938 τοὶ
956 1895 1131 1951 σώματα]
1168 1902 1220 1939 ita
1248 1901 1377 1940 Victor
1403 1901 1440 1938 in
1466 1900 1658 1951 Epitome.

180 1954 403 1994 Lactantius
437 1957 485 1993 de
513 1955 697 1994 mortibus
741 1959 930 2006 persecut.
965 1969 1002 1994 ιι.
1041 1953 1068 1995 4
1094 1954 1157 1995 de
1197 1956 1317 1996 Decio
1346 1956 1683 1994 “circumventus'

75 2015 159 2052 1³26
184 2026 210 2048 α
240 2011 424 2049 barbaris
453 2019 488 2047 et
508 2026 599 2049 cum
624 2025 777 2062 magna
807 2013 996 2048 exercitas
1010 2021 1131 2063 parte
1158 2013 1326 2060 deletus,
1355 2027 1427 2051 nee
1454 2006 1661 2063 sepultura

182 2069 346 2120 quidem
378 2070 514 2120 potuit
541 2069 752 2119 honorari,
792 2068 865 2105 sed
901 2076 1041 2106 exutus
1082 2084 1133 2107 ac
1156 2070 1311 2120 nudus,
1347 2077 1395 2107 ut
1405 2069 1567 2111 ‚hostem
1595 2069 1662 2110 dei

181 2124 398 2175 oportebat,
419 2124 621 2175 pabulum
638 2127 742 2177 seris
771 2138 821 2161 ac
837 2125 1080 2164 volucribus
1099 2128 1247 2172 jacuit
1250 2123 1272 2140 ''
1316 2125 1419 2166 Duc.

293 2196 330 2233 Ρ.
362 2183 446 2222 590
475 2195 510 2220 v.
544 2184 609 2223 12.
664 2181 727 2222 ἔπι
766 2182 1061 2232 πεντεκαίδεκα]
1093 2183 1335 2234 Nicephorus
1364 2182 1479 2221 habet
1507 2178 1661 2234 πεντή-

179 2253 315 2287 κοντα,
346 2252 475 2276 errore
501 2239 751 2287 librariorum,
783 2241 824 2275 ut
853 2237 1029 2276 arbitror.
1083 2239 1144 2278 W.

293 2309 331 2346 Ρ.
363 2295 446 2335 593
468 2308 503 2333 v.
537 2297 577 2335 7.
637 2293 694 2342 aig
724 2294 987 2346 Ἀθηναίους]
1016 2296 1101 2333 vide
1123 2295 1354 2345 Scaligerum
1381 2274 1430 2332 ad
1452 2292 1660 2332 Eusebium

178 2364 218 2401 p
251 2352 347 2393 215.
396 2351 500 2389 Duc.

291 2421 330 2458 Ρ.
362 2407 445 2447 594
465 2420 499 2444 v.
532 2407 596 2447 13.
648 2402 909 2458 Ἀντιόχειαν]
941 2407 982 2444 id
1010 2406 1080 2445 sub
1105 2407 1249 2445 initium
1280 2405 1442 2444 Gallieni
1460 2405 1660 2444 Mareelli-

179 2475 250 2500 nus
280 2464 376 2501 libro
410 2464 474 2508 23,
507 2466 617 2513 capto
648 2463 794 2500 scilicet
821 2463 1047 2512 Valeriano,
1085 2467 1173 2501 ante
1209 2464 1330 2513 ipsam
1358 2474 1447 2499 vero
1472 2459 1659 2501 infelicem

178 2532 345 2568 pugnam
374 2520 556 2557 accidisse
587 2519 719 2557 scribit
752 2519 968 2558 Trebellius
984 2519 1106 2558 Pollio
1129 2520 1167 2557 in
1191 2519 1344 2569 triginta
1360 2518 1543 2567 tyrannis.
1573 2519 1660 2556 vide

178 2574 384 2614 Henricum
414 2576 606 2614 Valesium
630 2576 679 2612 ad
703 2574 885 2613 Ammiani
914 2574 978 2612 lib.
1013 2576 1066 2617 23
1096 2590 1135 2627 Ρ.
1166 2575 1259 2617 258.
1306 2573 1406 2612 Duc.

294 2646 331 2682 Ρ.
363 2632 446 2672 596
476 2644 512 2669 V·
538 2635 606 2674 20.
659 2622 890 2683 Αἰρούλοις]
923 2632 975 2668 ita
992 2644 1072 2670 mss
1103 2631 1216 2680 codd,
1245 2635 1288 2668 ut
1315 2629 1465 2669 Aeruli
1487 2630 1524 2668 in
1551 2629 1659 2679 regio

180 2688 313 2726 codice
345 2687 557 2738 Ammiani,
595 2691 637 2725 ut
674 2692 805 2726 monet
843 2688 963 2727 Henr.
992 2687 1188 2726 Valesius:
1227 2700 1322 2737 quos
1351 2686 1414 2724 alii
1445 2681 1660 2736 Ἐλούρους

181 2748 329 2783 vocant.
379 2744 525 2783 lexicon
573 2757 632 2783 ms
658 2743 869 2797 Αἴλουρος·
887 2742 1083 2798 ’Έλουρος
1109 2741 1155 2784 δὲ
1196 2742 1331 2794 ε’θνος,
1359 2738 1497 2795 ψιλόν.
1557 2740 1657 2780 DUC-
