1820 3120
213 113 218 121 '
267 123 371 172 484
743 120 973 165 10ANMs
1007 121 1270 166 ZONARAE

267 235 469 291 κόψαντες
499 236 627 291 κοντῷ
658 232 873 290 ἔνέπειραν.
941 235 1007 277 καὶ
1041 231 1062 276 ὅ
1097 234 1170 288 μὲν
1201 233 1329 286 οὕτως
1356 233 1587 292 &pore-23²1,
1621 242 1741 282 τοῦτο

213 313 244 348 0
268 304 394 360 μόνον
417 300 537 345 εῗπών
563 299 662 343 “nai
694 303 735 344 τί
763 301 888 344 κακὸν
910 302 1135 357 ἕποίησα;”
1173 303 1353 346 ἀπέθανε
1378 305 1423 347 δὲ
1444 306 1512 348 καὶ
1533 303 1556 348 ὃ
1577 308 1742 350 Πείσων

266 375 332 416 καὶ
358 370 472 414 ἄλλοι
495 370 647 424 συχνοί.
715 372 783 412 καὶ
816 368 1039 427 πράξαντες
1071 374 1199 414 ταῦτα
1231 372 1270 414 οἱ
1301 377 1568 430 στρατιῶται,
1600 374 1675 426 τάς
1696 393 1740 419 τε

265 439 445 497 κεφαλὰς
476 439 632 481 ἐκείνων
665 436 953 493 ἀποτεμόντες,
995 438 1097 496 πρὸς
1128 439 1198 482 τὸν
1225 439 1399 484 ’Όθωνα
1440 440 1568 492 αὗτὰς
1603 442 1649 486 ,ἓν
1682 447 1742 502 τῷ

265 507 526 566 στρατοπέδῳ
549 508 614 549 καὶ
640 508 695 557 εἷς
717 506 764 549 τὸ
787 507 995 564 συνέδριον
1017 506 1221 561 ἐκόμισαν,
1257 507 1359 552 ὥστε
1389 509 1484 560 τοὺς
1515 512 1773 564 βονλευτάςό

264 576 590 632 καταπλαγέντας
609 576 765 631 χαίρειν
787 591 829 617 τε
855 580 1168 632 προσποιεῖσθαι
1191 579 1257 620 καὶ
1282 581 1340 635 τῷ
1354 575 1512 621 ’Όθωνι
1535 577 1669 624 πάντα
1688 580 1742 623 τὰ

61 656 109 692 W
124 656 158 693 11
175 654 242 692 191
267 646 369 702 πρὸς
391 645 463 699 τὴν
486 644 616 700 ἀρχὴν
642 644 819 700 φέροντα
840 646 1127 701 ψηφίσασθαι.
1146 684 1147 687 ,
1192 646 1265 689 οὐκ
1289 643 1489 689 ἐλάνθανε
1513 646 1558 690 δὲ
1578 646 1640 691 ὅτι
1664 649 1743 691 αὖ·

263 715 334 764 τὸς
364 713 437 767 τὴν
467 712 621 766 βουλὴν
645 709 822 765 ἐβιάζετο
846 714 914 755 καὶ
939 710 994 763 ὡς
1016 713 1299 771 ἀσελγέστερον
1320 716 1388 757 καὶ
1410 712 1646 774 πικρότερον
1667 721 1740 760 τοῦ

262 783 454 839 Νέρωνος
476 779 611 836 ἄρξειν
633 779 784 835 ἔζιιελλε.

400 851 440 890 Γ
438 848 545 907 άλβᾳ
567 849 642 902 μὲν
666 843 736 891 οὖν
760 846 924 902 ζήσαντι
948 845 1015 903 ἴτη
1039 846 1113 891 δύο
1137 850 1204 891 καὶ
1228 847 1508 905 ἑβδομήκοντα
1536 852 1604 894 καὶ
1637 849 1736 907 ἧμέ-
1749 863 1796 900 10

265 935 340 975 ρας
363 923 469 974 τρεῖς
494 918 561 958 καὶ
589 917 748 968 εἴκοσιν,
784 915 950 973 ἄρξαντι
986 916 1029 958 δὲ
1061 922 1193 972 μῆνας
1220 918 1331 961 ἐννέα
1356 920 1425 962 καὶ
1447 917 1602 977 ἡμέρας
1623 936 1739 978 τρισ-

264 988 453 1037 καίδεκα,
487 989 606 1027 τοῦτο
631 985 744 1035 τέλος
766 985 940 1040 ἐγένετο·
977 985 1067 1040 (15)
1093 984 1115 1028 ὃ
1149 986 1192 1028 δὲ
1216 985 1361 1030 ’Όθων
1381 988 1558 1044 μετέγνω
1579 988 1739 1043 μὲν,ἔπὶ

208 1060 240 1094 D
265 1061 349 1105 τοῖς
377 1054 692 1109 πεπραγμένοις,
727 1057 807 1096 τῶν
842 1053 958 1109 ἱερῶν
991 1053 1103 1111 αὐτῷ’
1133 1052 1278 1097 θύοντι
1307 1060 1494 1112 πονηρῶν
1523 1055 1737 1113 ὀφθέντων

262 1125 331 1167 καὶ
355 1122 489 1165 ἄλλων
512 1123 687 1176 σημείων
710 1122 820 1179 αὐτῷ
842 1121 1075 1177 γενομένων,
1102 1122 1187 1164 ἀλλ’
1214 1123 1286 1166 οὐκ
1311 1121 1410 1178 εἶχεν
1434 1125 1489 1175 εἲς
1511 1124 1584 1180 τὴν
1605 1125 1738 1183 ἀρχὴν

260 1191 339 1247 ἤδη
364 1190 560 1234 εἴσελθών
582 1191 792 1233 ἀναδῦναι.
823 1191 890 1232 καὶ
914 1190 1105 1243 ἐνέμεινεν
1130 1190 1234 1248 αὐτῇ
1256 1194 1322 1233 καὶ
1347 1193 1461 1247 δίκην
1483 1193 1666 1237 δέδωκεν.
1747 1202 1793 1238 15

393 1258 461 1301 Ἐν
483 1256 641 1309 τούτοις
665 1259 711 1301 δέ
730 1276 790 1309 τις
812 1256 1068 1313 πλασάμενος
1090 1259 1235 1316 Νέρων
1259 1257 1357 1303 εἶναι
1381 1261 1424 1303 ἐκ
1447 1264 1523 1316 τῆς
1543 1261 1646 1318 πρὸς
1666 1262 1737 1305 τὸν

263 1327 435 1385 Νέρωνα
458 1326 582 1381 οὔσης
605 1328 818 1385 ἐμφερείας
841 1326 974 1384 αὐτῷ,
1009 1327 1082 1380 τὴν
1111 1325 1289 1370 Ἑλλάδα
1324 1328 1460 1385 ὀλίγου
1481 1333 1619 1373 πᾶσαν
1641 1327 1738 1374 ἐτά-

264 1399 359 1453 ραξε
369 1427 383 1448 ‚
417 1397 483 1438 καὶ
501 1401 620 1453 χεῖρα
646 1394 882 1453 κακούργων
906 1395 1066 1452 ἀνδρῶν
1089 1396 1292 1454 ἀθροίσας
1313 1397 1416 1455 πρὸς
1438 1397 1489 1441 τὰ
1513 1398 1556 1442 ἓν
1576 1403 1627 1457 τῇ
1650 1401 1737 1441 Συ-

353 1548 377 1583 3
400 1547 547 1592 συχνοί]
580 1547 714 1582 πολλοί
734 1547 774 1584 Β.
936 1544 1000 1581 καὶ
1022 1544 1228 1590 πράξαντες
1250 1568 1295 1574 -
1321 1548 1343 1583 6
1366 1551 1656 1594 προσποιεῖσθαι
1679 1561 1734 1586 om

353 1594 421 1628 Dio
446 1605 523 1628 exc.
655 1593 678 1628 3
701 1591 765 1627 καὶ
788 1589 1015 1637 πράξαντες]
1039 1591 1245 1638 πράξαντες
1266 1591 1309 1629 δὲ
1331 1594 1373 1631 Α.
1500 1593 1568 1635 τάς
1592 1596 1645 1641 τε]
1669 1594 1733 1631 καὶ

350 1636 419 1679 τὰς
441 1640 484 1676 Α.
625 1638 649 1672 4
671 1635 777 1683 πρὸς]
802 1637 896 1680 πρός
920 1649 958 1672 τε
982 1639 1023 1675 Α.
1160 1640 1214 1684 τῷ
1237 1652 1291 1674 om
1318 1639 1357 1677 B.
1496 1640 1518 1676 7
1541 1637 1600 1677 ὅτι
1624 1637 1736 1682 αὐτὸς

351 1681 421 1729 τὴν
446 1681 585 1731 βουλὴν
608 1679 775 1738 ἐβιάζετο
800 1695 854 1718 om
877 1685 945 1718 Dio
969 1696 1046 1720 exc.
1234 1688 1278 1721 10
1301 1684 1366 1722 καὶ
1387 1682 1529 1731 ἡμέρας
1549 1689 1648 1730 τρεῖς
1669 1687 1735 1722 καὶ

353 1730 490 1765 εἴκοσιν
514 1741 566 1764 om
589 1730 655 1764 Dio
683 1741 759 1766 exc.
903 1732 944 1765 ll
970 1730 1089 1773 μῆνας
1112 1741 1167 1764 om
1191 1731 1234 1768 Β.
1363 1732 1408 1767 12
1431 1732 1541 1767 τοῦτο
1565 1729 1607 1767 τὸ
1630 1731 1736 1774 τέλος

348 1776 562 1822 xiphilinus,
702 1776 745 1809 15
769 1771 843 1819 ἤδη
868 1787 923 1810 om
945 1775 995 1809 A:
1022 1775 1218 1822 Xiphilinus
1241 1773 1356 1820 ἅπαξ.
1495 1779 1541 1815 16
1558 1774 1623 1813 Ἐν
1646 1775 1731 1814 τού-

349 1834 428 1862 τοις
466 1841 510 1846 -
548 1833 584 1867 p.
617 1820 686 1855 485
723 1834 762 1856 v.
795 1821 839 1855 13
880 1817 1136 1866 άνεμίχθησαν
1171 1823 1298 1869 σφίσι]
1337 1824 1458 1859 horum
1495 1823 1643 1870 plurima
1678 1837 1733 1860 om

350 1868 418 1903 Dio
444 1879 519 1902 exc.
1683 1874 1695 1881 ⁵

394 1959 566 1994 FoN'rsss.
619 1958 707 2003 Cap.
740 1958 798 1992 15.
847 1957 976 1992 Dionis
1000 1958 1180 1994 Hietoriae
1206 1959 1390 1995 Romanae
1420 1961 1480 1995 lib.
1505 1960 1552 1998 64
1581 1973 1611 1997 c.
1640 1961 1662 1998 ⁷
1687 1980 1735 1988 ——

350 2018 380 2039 c.
404 2006 459 2038 15.
489 2005 667 2038 nonnulla
685 2004 853 2038 Zonaras
877 2005 982 2038 habet
1007 2017 1100 2049 quae
1123 2007 1224 2050 apud
1249 2006 1472 2052 Xiphilinum
1494 2007 1533 2042 in
1560 2008 1735 2044 Constan-

349 2051 418 2086 tini
442 2051 742 2096 Porphyrogeniti
768 2051 991 2085 collectaneis
1016 2051 1281 2089 desiderantur.

259 2187 361 2219 conto
384 2185 585 2230 praefixum.
633 2197 707 2220 cum
743 2186 962 2223 occideretur
996 2186 1080 2220 nihil
1111 2187 1204 2221 aiiud
1236 2186 1372 2222 locutus
1403 2190 1458 2222 est
1487 2187 1555 2222 nisi
1581 2184 1731 2234 “ecquid

259 2231 342 2265 mali
364 2231 435 2264 feci
447 2226 494 2265 2³²
540 2232 648 2278 periit
671 2232 777 2266 etiam
801 2232 881 2266 Piso
908 2237 945 2266 et
968 2233 1027 2266 alii
1052 2233 1163 2269 multi.
1210 2233 1264 2267 his
1289 2234 1441 2278 peractis
1465 2234 1591 2268 milite·
1614 2236 1732 2280 capita

258 2276 392 2310 illorum
415 2277 452 2310 in
476 2283 592 2312 castra
615 2278 660 2311 ad
683 2278 861 2312 Othonem
887 2284 923 2312 et
944 2278 981 2312 in
1006 2278 1138 2313 curiam
1163 2280 1367 2313 attulerunt.
1414 2279 1542 2324 quibus
1575 2286 1732 2316 conster—

259 2322 333 2356 nati
358 2327 476 2367 patres
500 2323 632 2357 laetitia
653 2324 813 2358 simulata
834 2324 969 2358 Othoni
1001 2325 1116 2358 omnia
1146 2336 1237 2370 quae
1270 2325 1313 2359 ad
1344 2325 1524 2369 imperium
1553 2327 1732 2370 pertinent

257 2367 506 2406 decreverunt.
554 2381 667 2414 neque
703 2381 787 2403 vero
821 2371 1003 2404 obscurum
1039 2375 1118 2404 erat
1152 2382 1228 2406 eum
1258 2370 1394 2404 senatui
1427 2371 1499 2406 vim
1532 2371 1663 2407 fecisse
1694 2378 1732 2408 et

258 2414 472 2458 petulantius
495 2419 601 2460 atque
624 2415 783 2450 acerbius
807 2416 884 2461 ipso
906 2417 1051 2450 Nerone
1074 2416 1322 2462 imperaturum
1344 2427 1436 2451 esse.
1599 2438 1601 2440 -

395 2483 512 2516 Galba
536 2493 643 2517 annos
666 2483 890 2529 septuaginta
912 2483 1012 2525 duos,
1035 2483 1111 2517 dies
1134 2487 1209 2517 tres
1231 2487 1267 2518 et
1290 2483 1417 2528 viginti
1442 2489 1565 2528 natue,
1592 2485 1730 2531 imperii

257 2537 373 2561 mense
398 2539 487 2562 nono
518 2533 555 2562 et
583 2529 639 2563 die
667 2529 800 2564 decimo
836 2529 963 2572 tertio,
999 2529 1090 2563 hunc
1113 2529 1240 2563 exitum
1265 2530 1410 2564 habuit:
1446 2532 1530 2575 (15)
1554 2531 1727 2566 Othonem

256 2583 355 2615 vero,
379 2585 455 2607 cum
480 2580 563 2608 exta
584 2575 800 2609 sacrificanti
824 2586 944 2620 parum
970 2575 1086 2608 fausta
1110 2581 1236 2618 essent,
1262 2576 1400 2621 aliaque
1423 2577 1524 2622 signa
1546 2577 1730 2622 apparuis-

257 2624 355 2660 sent,
379 2620 572 2664 perpetrati
596 2621 763 2655 facinoris
786 2621 968 2667 paenituit.
1014 2621 1077 2654 sed
1100 2620 1256 2667 imperio,
1281 2622 1502 2667 quod-semel
1527 2628 1725 2669 susceptum

255 2662 432 2709 deponere
456 2676 524 2699 non
546 2666 686 2711 licebat,
711 2672 852 2701 retento
878 2678 1010 2713 poenas
1033 2666 1143 2701 dedit.

392 2732 532 2767 Interea
557 2734 695 2779 quidam
718 2734 763 2768 ob
785 2734 1065 2769 lineamentorum
1086 2733 1242 2780 corporis
1266 2734 1524 2770 similitudinem
1545 2746 1586 2769 se
1608 2735 1724 2770 Nero-

253 2786 331 2812 nem
354 2787 431 2812 esse
453 2781 635 2824 professus
659 2784 769 2817 totam
790 2792 903 2827 paene
926 2779 1110 2816 Graeciam
1130 2780 1366 2827 conturbavit,
1389 2785 1428 2817 et
1449 2791 1551 2818 manu
1574 2781 1721 2817 sicario-
