1820 3120
294 87 389 134 188
767 90 992 134 IOANNIS
1021 90 1279 134 ZONARAE

289 204 355 244 καὶ
379 202 416 243 οἳ
441 201 571 252 ἱππεῖς
595 201 660 254 δέ,
689 203 771 246 ἐπεὶ
795 205 897 246 πολὺ
922 208 1141 262 προῆλθεν,
1166 202 1344 260 ἀπῄεσαν
1367 203 1476 262 αὐτῷ
1498 202 1747 262 ἐφεπόμενοι.

235 275 265 309 C
290 270 329 312 οἱ
362 269 403 311 δ’
439 269 584 313 ὕπατοι
617 269 774 326 γνόντες
803 273 1072 328 ἠπατημένοι,
1115 273 1157 313 Γ
1153 273 1284 325 εμίνυς
1312 271 1391 326 μέν·
1415 271 1540 315 αὐτοῦ
1567 270 1772 326 ὖπιέ,ιιεινεΔ

288 335 383 387 τούς
405 338 445 379 τ’
473 337 966 395 ἀφεστηκότας-’κακώσων
989 343 1055 382 καὶ
1079 338 1270 382 κωλύσων
1294 339 1553 394 ἐπικουρῆσαι
1577 342 1748 395 Καρχη-
1771 373 1773 376 .

93 409 133 441 W
160 409 195 443 11
219 408 263 444 75
290 407 460 457 δονιόις,
498 409 721 460 Φλαμίνιος
753 410 797 450 δὲ
827 407 950 462 μόνος
979 410 1153 459 ἐδίωκεν,
1184 407 1243 450 ‘lv'
1270 407 1396 450 αὐτοῦ
1417 405 1543 461 μόνον
1565 408 1750 464 ’τὸ-ἔργον

287 478 359 529 τῆς
380 475 513 529 νίκης,
549 473 604 526 ὡς
627 475 726 534 ᾤετο
740 508 752 527 ,
787 477 960 532 γένηται.
1029 478 1095 519 καὶ
1119 477 1164 519 τὸ
1182 476 1352 532 Ἀρίτιον
1374 474 1689 532 προκατέλαβεν·
1727 474 1783 519 55

285 542 364 600 γὰρ
395 543 577 596 Ἀννίβας
611 545 916 601 συντομωτέραν
951 543 1201 601 τραπόμενος
1239 542 1427 594 δυσόδοις
1461 544 1614 598 ἐνέτυχε
1623 559 1637 596 ,
1684 546 1751 586 καὶ

288 609 534 668 ἀνθρώπους
575 611 745 666 συχνοὺς
785 615 853 654 καὶ
893 612 1026 655 πολλὰ
1064 610 1259 668 ὑποζύγια
1299 614 1366 654 καὶ
1405 611 1474 654 τὸν
1507 612 1641 667 ἕτερον
1673 616 1752 654 τῶν

288 679 520 736 ὀφθαλμῶν
545 679 757 733 ἀπέβαλεν.
826 680 906 734 ὀψὲ
938 680 980 723 δ’
1020 675 1090 723 οὖν
1122 680 1223 737 πρὸς
1244 680 1290 723 τὸ
1318 680 1487 736 Ἀρίτιον
1513 677 1660 731 ἐλθών,
1687 682 1754 722 καὶ

291 746 418 803 εῧρών
450 749 534 790 ἐκεῖ
555 747 624 790 τὸν
651 748 887 801 Φλαμίνιον,
935 747 1229 806 κατεφρόνησεν
1261 748 1407 799 αὐτοῦ,
1441 749 1508 790 καὶ
1539 745 1651 804 μάχῃ
1682 748 1754 802 μέν

291 815 338 858 οὗ
362 816 555 868 συνέβαλε
591 815 661 868 (τὸ
693 817 770 873 γὰρ
803 817 954 873 χωρίον
978 814 1247 873 ἄνεπιτήδειόν
1271 817 1308 858 οἳ
1331 815 1510 871 ἐδόκει),
1543 821 1685 872 πεῖραν
1704 810 1820 861 6310}

291 883 417 924 αὐτοῦ
440 882 676 937 ποιούμενος
700 883 821 940 ἔκειρε
852 885 924 940 τὴν
952 883 1106 941 χώραν.
1174 885 1250 928 κάν
1273 883 1403 943 τούτῳ
1426 882 1756 942 ἐπεκδραμόντων

236 957 267 991 D
294 955 371 993 τῶν
389 949 597 1005 Ῥωμαίων
620 951 879 1008 ἐπανήγαγεν,
909 954 978 995 ἵνα
1015 957 1236 1010 φοβεῖσθαι
1267 951 1380 1009 δόξῃ.
1441 956 1517 1007 τῆς
1548 953 1594 995 δὲ
1611 953 1757 1002 νυκτὸς

290 1019 532 1071 ἐξαναστάς,
568 1018 788 1074 ἐπιτήδειόν
820 1039 859 1063 τι
884 1022 1036 1078 χωρίον
1067 1021 1169 1078 πρὸς
1199 1020 1272 1075 τὴν
1302 1018 1436 1075 μάχην
1467 1018 1595 1077 εὑρὼν
1617 1020 1758 1075 ἔμεινε.

291 1090 358 1129 καὶ
391 1092 464 1130 τοῦ
491 1089 565 1142 μὲν
598 1090 716 1140 πεζοῦ
747 1088 793 1131 τὸ
828 1093 963 1132 πλεῖον
997 1089 1102 1132 κατὰ
1132 1089 1183 1131 τὰ
1213 1088 1288 1145 ὅρη
1314 1092 1439 1142 λοχᾶν
1469 1087 1607 1140 ἔταξε,
1634 1088 1686 1132 »τὸ
1711 1088 1755 1130 δ’

291 1156 450 1197 ἱππικὸν
472 1155 635 1210 σύμπαν
657 1156 735 1207 ἔξω
757 1162 837 1200 τῶν
860 1162 1009 1201 στενῶν
1031 1158 1199 1214 ἀφανῶς
1221 1155 1448 1214 ἐφεδρεύειν
1466 1157 1666 1209 ἐκέλευσε,
1690 1159 1757 1202 καὶ
1770 1168 1815 1203 15

291 1224 414 1274 αὐτὸς
452 1226 515 1266 ἐπὶ
558 1229 629 1267 τοῦ
662 1224 844 1282 γηλόφου
877 1227 970 1279 μετ’
1011 1226 1155 1280 ὀλίγων
1187 1223 1594 1281 ἐστρατοπεδεύσατο.
1661 1222 1683 1267 ὅ
1715 1226 1762 1268 δὲ

293 1293 515 1346 Φλαμίνιος
537 1293 578 1334 ἓν
602 1292 829 1350 φρονήματι
855 1293 926 1345 ὤν,
968 1295 1034 1336 καὶ
1059 1295 1122 1335 ἐπὶ
1144 1291 1347 1350 μετεώρου
1371 1293 1445 1336 σὺν
1467 1293 1616 1350 ὀλίγοις
1638 1292 1762 1335 αὐτὸν

290 1359 403 1411 ἴδιόν,
438 1359 511 1415 τήν
544 1378 586 1403 τε
622 1361 764 1415 λοιπὴν
798 1361 991 1418 στρατιὰν
1023 1359 1162 1418 πόρρω
1195 1378 1264 1404 ποι
1297 1362 1548 1418 πεπομφέναι
1578 1362 1762 1415 νομίσας,

290 1428 439 1487 ῥᾳδίως
459 1430 742 1483 μεμονωμένον
766 1427 947 1486 αἱρήσειν
969 1428 1134 1484 ἤλπισε,
1169 1432 1234 1472 καὶ
1259 1430 1300 1479 ἒς
1321 1429 1367 1472 τὸ
1390 1429 1528 1472 στενὸν
1551 1429 1762 1486 ἀπερισκέ-

289 1513 398 1547 πτως
422 1499 586 1551 εἰσῆλθε
594 1529 608 1550 ,
643 1498 857 1541 κάνταῦθα
880 1498 978 1552 (ὀψὲ
1000 1498 1078 1555 γὰρ
1103 1492 1172 1553 ἦν)
1195 1498 1402 1553 ηὐλίσατο.
1445 1499 1512 1540 καὶ
1533 1495 1612 1539 ὑπὸ
1636 1497 1820 1551 με’σας20

289 1562 437 1615 νύκτας
485 1563 564 1607 ὕπὸ
615 1564 955 1623 καταφρονήσεως
1001 1566 1151 1616 αὐτοῦς
1203 1565 1458 1623 ἀφυλάκτως,
1485 1563 1762 1616 καθεύδοντας

107 1640 133 1673 Ρ
158 1639 175 1672 Ι
200 1639 268 1675 413
292 1632 550 1687 πανταχόθεν
573 1632 677 1687 ὁμοῦ
699 1634 907 1691 περιέσχον
931 1634 970 1677 οἷ
993 1632 1292 1692 Καρχηδόνιοι,
1323 1636 1389 1676 καὶ
1407 1631 1624 1692 πόρρωθεν
1641 1633 1762 1676 οἷκον-

388 1766 411 1801 1
432 1764 629 1808 προῆλθον
651 1764 695 1800 Α.
795 1764 818 1798 2
842 1761 999 1809 γεμίνιος
1021 1763 1129 1798 ABG.
1229 1765 1251 1799 5
1274 1759 1476 1810 κατέλαβεν
1498 1761 1542 1798 A.
1634 1761 1658 1799 6
1680 1772 1764 1797 συν-

386 1808 594 1855 τομώτερον
618 1810 661 1844 Α.
799 1809 821 1846 7
845 1820 889 1843 συ
914 1807 1024 1853 νοῦς]
1060 1803 1220 1849 πολλοὺς
1242 1808 1283 1846 Α.
1425 1810 1469 1844 15
1493 1803 1695 1854 ἐνεδρεύων
1718 1809 1760 1846 A.

391 1857 434 1890 21
459 1853 682 1901 ἀφυλάκτως
704 1855 859 1901 ABcw,
885 1854 1127 1900 αφυλάκτους
1146 1855 1188 1889 Ρ.

296 1969 472 2015 equitibus
496 1967 601 2003 etiam
624 1977 699 2002 cum
724 1967 828 2012 longe
851 1968 1082 2013 processisset
1102 1967 1311 2004 consecutis.
1358 1968 1516 2004 consules
1538 1970 1579 2002 ut
1601 1978 1640 2001 se
1661 1966 1765 2001 dece-

298 2022 376 2060 ptos
401 2026 479 2048 esse
503 2017 706 2057 senserunt,
732 2014 899 2048 Geminus
922 2014 970 2048 ibi
995 2014 1135 2057 mansit,
1161 2019 1200 2048 ut
1224 2026 1284 2049 eos
1307 2014 1370 2059 qui
1394 2015 1595 2048 defecerant
1622 2016 1766 2047 vexaret

297 2066 336 2095 et
360 2059 703 2104 Carthaginiensibus
725 2070 824 2105 opem
850 2061 943 2094 ferre
964 2059 1187 2104 prohiberet3
1211 2059 1402 2094 Flaminius
1423 2071 1507 2093 vero
1526 2057 1621 2092 solus
1636 2059 1766 2092 abeun-

297 2112 352 2140 tes
379 2111 603 2151 persecutus,
640 2111 679 2139 ut
703 2105 855 2141 victoria
882 2105 1015 2140 scilicet
1037 2105 1091 2139 sui
1114 2105 1215 2140 unius
1239 2109 1349 2148 esset,
1383 2105 1537 2139 Aretium
1559 2109 1640 2138 ante
1665 2115 1767 2137 occu·

298 2154 410 2197 pavit.
458 2163 534 2185 nam
558 2151 735 2186 Hannibal
758 2152 839 2185 dum
860 2151 1060 2196 compendia
1083 2151 1242 2195 quaerit,
1271 2151 1307 2184 in
1330 2150 1426 2184 invia
1448 2149 1592 2191 incidit;
1625 2150 1767 2183 multos-

298 2209 366 2243 que
394 2198 577 2239 mortales,
610 2198 716 2231 multa
749 2197 922 2240 iumenta,
956 2201 992 2230 et
1021 2196 1166 2230 alterum
1190 2197 1323 2230 oculum
1347 2195 1472 2230 amisit.
1523 2196 1602 2230 sero
1625 2194 1765 2229 tandem

297 2244 341 2278 ad
366 2243 522 2277 Aretium
547 2254 769 2287 progressus,
805 2243 1009 2277 Flaminium
1031 2242 1099 2276 illic
1122 2242 1300 2276 inventum
1324 2241 1551 2285 contempsit=
1586 2252 1628 2275 ac
1651 2251 1767 2286 pugna

296 2289 436 2334 quidem
460 2287 629 2324 abstinuit
652 2289 768 2333 (locus
792 2289 880 2323 enim
905 2287 1136 2322 incommodus
1159 2287 1381 2331 videbatur),
1413 2287 1475 2321 sed
1497 2286 1643 2320 houu'nis
1665 2286 1766 2330 inge-

296 2335 390 2370 nium
411 2335 612 2380 periclitans
636 2346 757 2379 agrum
782 2334 951 2369 vastavit.
1000 2345 1076 2368 cum
1099 2345 1185 2368 vero
1209 2332 1353 2367 Romani
1377 2332 1631 2376 excurrissent,
1660 2331 1768 2366 simu-

295 2381 368 2415 lato
393 2385 485 2414 metu
507 2380 650 2414 reduxit
673 2380 884 2423 exercitum3
920 2384 957 2414 et
977 2384 1084 2414 noctu
1106 2378 1230 2413 castris
1253 2378 1437 2424 promotis,
1463 2378 1606 2432 locoque
1629 2386 1766 2423 pugnae

295 2427 421 2461 idoneo
454 2431 578 2470 capto,
611 2427 763 2471 peditum
788 2431 921 2470 partem
945 2425 1122 2460 maximam
1145 2425 1181 2458 in
1204 2424 1378 2459 montibus
1403 2423 1440 2458 in
1464 2423 1597 2458 insidlis
1621 2423 1766 2457 colloca-

298 2473 370 2516 vit,
397 2472 588 2517 equitatum
612 2483 743 2505 omnem
768 2480 867 2506 extra
890 2470 1067 2515 angustias
1091 2471 1174 2505 clam
1198 2469 1234 2502 in
1258 2469 1419 2504 subsidiis
1443 2480 1521 2504 esse
1543 2468 1666 2511 iussit,
1688 2467 1766 2512 ipse

296 2519 334 2552 in
358 2519 486 2552 tumulo
511 2529 586 2552 cum
610 2518 729 2562 paucis
754 2523 870 2552 castra
893 2516 1027 2551 habuit.
1075 2520 1113 2550 at
1134 2515 1325 2549 Flaminius
1347 2515 1417 2550 sibi
1438 2515 1565 2558 fidens,
1587 2524 1664 2547 cum
1689 2524 1765 2546 eum

299 2575 374 2598 cum
399 2563 519 2609 paucis
543 2563 578 2597 in
602 2563 689 2597 colle
712 2562 883 2605 vidisset,
907 2567 944 2596 et
966 2563 1067 2606 longe
1089 2562 1272 2605 ablegasse
1294 2561 1464 2606 reliquum
1488 2559 1676 2594 exercitum
1701 2569 1767 2603 pn—

300 2614 412 2653 taret,
448 2621 510 2655 spe
542 2609 617 2643 eius
649 2609 700 2643 ita
732 2608 889 2642 destituti
922 2608 1025 2642 faciie
1054 2606 1213 2652 capiendi
1247 2611 1416 2652 concepta
1437 2610 1567 2640 temere
1591 2603 1768 2648 angustias

300 2660 354 2688 est
378 2656 567 2699 ingressus,
592 2655 710 2700 ibique
731 2655 863 2696 (serum
888 2654 976 2687 enim
999 2653 1069 2687 diei
1092 2653 1186 2696 erat)
1211 2652 1358 2696 quievit.
1394 2652 1459 2686 sub
1474 2654 1609 2685 noctem
1624 2649 1769 2684 mediam

300 2700 610 2745 Carthaginienses
641 2712 700 2734 eos
730 2700 804 2733 sine
837 2699 992 2734 excubiis
1022 2698 1133 2742 (adeo
1163 2697 1232 2732 sibi
1264 2697 1530 2742 praefidebam)
1560 2694 1768 2730 dormientes

302 2745 419 2780 eodem
452 2752 605 2792 tempore
642 2747 685 2780 ab
721 2745 813 2781 omni
847 2750 948 2792 parte
980 2743 1297 2787 circumdederunt,
1339 2747 1444 2789 atque
1478 2740 1611 2778 eminus
1643 2738 1769 2776 iaculis
