1832 3126
255 90 317 136 16
721 93 944 139 IOANNIS
980 93 1236 139 ZONARAE

251 203 531 261 ἐχρημάτιζεν·
598 200 700 259 ’ἦσαν
724 208 768 250 δὲ
789 210 879 266 περὶ
901 208 1022 251 αὐτὸν
1046 209 1108 252 ἀεὶ
1127 212 1193 252 καὶ
1216 213 1294 252 τῶν
1317 209 1413 253 νέων
1435 212 1596 264 συχνοί,
1634 211 1702 262 οὓς

253 273 432 329 Κέλερας
461 272 773 332 προσηγόρευεν,
810 275 833 319 ὃ
857 277 959 320 κατὰ
982 277 1054 332 τὴν
1077 282 1156 319 τῶν
1172 276 1378 332 Ῥωμαίων
1401 276 1606 322 διάλεκτον
1629 281 1702 334 δη-

254 345 322 382 λοῖ
350 341 444 391 τοὺς
478 348 631 396 ταχεῖς,
679 345 746 386 καὶ
778 342 957 401 πρόσθεν
992 343 1175 400 ἐβάδιζον
1208 346 1333 403 ἕτεροι
1365 347 1601 406 βακτηρίαις
1633 347 1701 390 τὸν

251 407 369 462 ὄχλον
394 408 647 471 ἀνείργοντες,
669 409 937 466 ὑπεζωσμένοι
960 411 1142 468 ἱμάντας,
1169 412 1270 456 ὥστε
1296 415 1452 456 συνδεῖν
1476 413 1546 466 οὓς
1567 419 1702 458 κελευ-

251 480 418 521 σθῶσιν.
1712 492 1734 527 5

381 546 488 587 Ἐπεὶ
508 546 552 588 δὲ
561 547 789 603 Νομίτορος
810 552 883 590 τοῦ
905 546 1068 590 πάππου
1093 548 1217 591 αὐτοῦ
1239 549 1280 591 ἓν
1297 547 1421 606 Ἄλβῃ
1442 547 1702 602 τελευτήσαν-

253 630 332 664 τος,
362 611 561 672 (Ρωμύλῳ
582 612 861 671 προσηκούσης
881 619 952 669 τῆς
973 616 1193 669 βασιλείας,
1218 615 1340 667 αὐτὸς
1361 618 1416 667 εἷς
1436 616 1559 670 μέσον
1581 614 1703 672 ἔθηκε

250 681 322 736 τὴν
343 683 541 724 πολιτείαν
565 684 827 738 δημαγωγῶν,
856 685 923 726 καὶ
946 683 1038 726 κατ’
1065 684 1242 727 ἐνιαυτὸν
1262 685 1510 727 ἀπεδείκνυεν
1527 683 1703 741 ἄρχοντα

250 756 332 799 τοῖς
370 752 581 803 Σαβίνοις,
633 750 798 807 ἠρέθισε
831 751 926 802 τοὺς
963 752 1004 794 ἓν
1032 749 1174 808 εΡώμῃ
1212 752 1406 802 δυνατοὺς
1440 749 1702 806 ἀβασίλευτον

196 825 226 858 D
253 819 377 872 ζητεῖν
409 820 475 859 καὶ
499 816 720 873 αὐτόνομον
742 820 954 862 πολιτείαν.
1015 819 1108 862 οὐδὲ
1130 820 1206 876 γὰρ
1238 820 1276 862 οἳ
1298 819 1535 875 καλούμενοι
1557 822 1701 877 πατρί-
1711 830 1756 864 10

251 902 328 927 κιοι
342 884 597 942 ’πραγμάτων
618 892 808 940 μετεῖχον,
832 887 926 928 ἀλλ’
949 886 1078 940 ὄνομα
1095 890 1162 930 καὶ
1185 891 1321 942 σχῆμα
1336 883 1385 943 ἦν
1408 888 1557 941 αὗτοῖς,
1579 888 1702 939 ἔθους

253 953 363 995 ἕνεκα
397 957 551 1006 μᾶλλον
580 951 607 1007 ἢ
629 951 788 1008 γνώμης
810 953 1112 1010 ἀθροιζομένοις
1135 958 1189 1004 εἲς
1210 956 1256 997 τὸ
1278 955 1581 1014 βουλευτήριον·
1618 955 1702 1000 εἶτα

244 1019 458 1075 (Ρωμύλου
492 1018 736 1076 πράττοντος
757 1021 959 1078 ἠκροῶντο
983 1026 1099 1078 σιγῇ,
1143 1022 1210 1063 καὶ
1232 1021 1277 1064 τὸ
1299 1022 1378 1079 πρὸ
1401 1028 1481 1067 τῶν
1501 1023 1635 1068 ἄλλων
1655 1025 1702 1068 τὸ

251 1090 485 1145 δεδογμένον
508 1089 640 1147 ἐκείνῳ
661 1093 811 1142 μαθεῖν
829 1090 946 1132 πλέον
963 1088 1114 1144 ἔχοντες
1134 1094 1212 1132 τῶν
1231 1094 1380 1134 λοιπῶν
1391 1089 1702 1146 ἀπηλλάττοντο.

249 1155 345 1199 ὅθεν
368 1155 495 1200 ἐδόκει
517 1156 591 1212 τὴν
612 1158 821 1214 γερουσίαν
842 1160 1145 1214 προπηλακίζειν
1158 1172 1169 1181 ·
1203 1157 1266 1200 διὸ
1285 1157 1386 1214 αὕτη
1398 1157 1575 1210 ὕποπτος
1590 1158 1699 1212 ἔδοξε
1710 1170 1755 1206 15
1817 1171 1832 1203 ’.ἶ

246 1225 340 1278 μετ’
378 1225 508 1281 ὀλίγον
542 1225 723 1282 ἀφανοῦς
742 1226 962 1281 ’γενομένου
989 1224 1209 1280 Ῥωμύλου.
1279 1226 1430 1282 λέγεται
1459 1227 1536 1284 γὰρ
1559 1228 1701 1283 ἐκκλη-

248 1295 338 1336 σίαν
361 1293 527 1349 ἄγοντος
549 1293 674 1336 αὐτοῦ
696 1296 784 1351 περὶ
808 1294 853 1336 τὸ
878 1293 1122 1348 καλούμενον
1148 1294 1279 1350 Αἰγὸς
1302 1294 1391 1345 ἕλος
1412 1299 1486 1338 τοῦ
1498 1296 1573 1349 μὲν
1584 1294 1699 1352 ἡλίου

246 1361 291 1404 τὸ
312 1366 399 1419 φῶς
419 1363 621 1414 ἐπιλιπεῖν,
650 1360 774 1405 νύκτα
795 1363 840 1404 δὲ
858 1369 1069 1418 κατασχεῖν
1085 1360 1259 1419 βροντάς
1280 1380 1322 1405 τε
1345 1362 1477 1413 δεινὰς
1497 1368 1701 1419 συμβῆναι

246 1432 314 1472 καὶ
339 1430 463 1481 πνοὰς
485 1430 640 1485 ἀνίμων
664 1429 784 1486 ζάλην
807 1429 1062 1481 ἐλαυνούσας.
1129 1432 1169 1473 ἒν
1193 1431 1237 1473 δὲ
1253 1428 1382 1489 τούτῳ
1405 1430 1560 1487 τὸνμὲν
1579 1431 1700 1487 ὄχλον
1829 1472 1832 1475 .

58 1503 84 1536 Ρ
110 1502 127 1537 Ι
152 1502 222 1538 320
246 1497 431 1555 φεύγειν,
465 1498 559 1549 τοὺς
581 1500 625 1541 δὲ
648 1499 840 1549 δυνατοὺς
862 1502 1142 1557 συστραφῆναι
1162 1498 1253 1554 μετ’
1291 1497 1486 1554 ἀλλήλων.
1553 1504 1627 1556 τῆς
1649 1500 1694 1544 δ’
1707 1508 1753 1544 20
1827 1485 1832 1547 l

245 1568 286 1609 ἐν
309 1572 366 1625 τῷ
389 1567 476 1625 ἀέρι
493 1572 672 1624 ταραχῆς
694 1566 940 1625 λωφησάσης
960 1570 1026 1610 καὶ
1051 1563 1173 1620 αὖθις
1192 1571 1349 1610 πολλῶν
1369 1565 1471 1622 ὄμοῦ
1482 1569 1699 1625 γενομένων
1831 1562 1832 1565 ¹

248 1637 454 1690 ζητεῖσθαι
485 1636 555 1679 τὸν
578 1636 772 1689 βασιλέα·
807 1636 900 1687 τοὺς
924 1637 967 1678 δὲ
989 1635 1183 1685 δυνατοὺς
1206 1636 1277 1678 οὔκ
1303 1636 1371 1679 ἐᾶν
1397 1635 1587 1689 ἐξετάζειν
1609 1641 1696 1694 περὶ

337 1765 359 1798 2
381 1763 670 1810 προσηγόρευσεν
686 1766 730 1802 Α.
911 1763 983 1798 τῶν
1008 1775 1061 1798 om
1082 1764 1159 1798 BC.
1341 1766 1365 1801 4
1387 1765 1631 1800 κελευσθἿιαι
1654 1767 1695 1800 C.

335 1812 357 1847 9
375 1811 539 1857 σαβίνοις
554 1811 656 1845 etiam
673 1809 852 1844 Plutarchi
869 1810 1026 1844 codices:
1043 1809 1224 1855 Xylander
1233 1807 1435 1856 Ἀλβανοῖς.
1526 1814 1544 1846 1
1583 1809 1698 1853 πράτ-

331 1857 482 1901 τοντος]
502 1853 794 1898 προστάττοντος
811 1856 1030 1890 Plutarchus.
1166 1856 1211 1891 14
1232 1858 1369 1900 μαθεῖν
1382 1855 1426 1901 A,
1447 1855 1582 1900 μαθῶν
1606 1857 1696 1892 PW,

336 1903 378 1938 16
402 1899 570 1946 ἀφανοῦς
599 1898 679 1946 μετ’
713 1899 836 1945 ὀλίγον
866 1901 909 1935 Α.
1093 1899 1136 1935 19
1169 1896 1411 1945 ἐλαυνούσας]
1441 1897 1622 1946 αὐχούσας
1650 1903 1692 1938 Α.
1720 1922 1732 1935 A

336 1949 381 1983 20
403 1950 532 1992 φυγεῖν
560 1947 773 1982 Plutarchus.

243 2060 390 2094 clinatus
419 2059 650 2105 respondere3
675 2059 866 2105 multosque
884 2060 1047 2103 iuvenes,
1078 2069 1165 2104 quos
1187 2057 1328 2093 Celeres
1358 2059 1526 2103 vocabat,
1559 2071 1693 2107 semper

244 2106 343 2139 iuxta
362 2116 400 2138 se
423 2105 557 2148 habuit,
581 2110 618 2139 et
640 2105 781 2139 lictores
801 2110 881 2140 ante
901 2117 950 2149 se,
977 2105 1106 2139 baculis
1129 2105 1267 2139 turbam
1289 2108 1541 2140 summoventes
1565 2110 1600 2140 et
1619 2107 1695 2142 lora

245 2154 409 2196 gerentes
432 2151 557 2195 quibus
580 2151 753 2185 vincirent
777 2151 929 2186 homines
948 2150 1038 2195 jussi
1061 2162 1082 2184 a
1103 2161 1198 2194 rege.

379 2197 430 2230 Ut
455 2200 569 2231 autem
591 2208 658 2231 avo
679 2197 860 2232 Numitore
882 2202 1015 2233 mortuo
1036 2196 1234 2240 Albanoque
1256 2205 1364 2239 regno
1388 2194 1433 2229 ad
1451 2195 1563 2241 ipsum
1582 2197 1695 2242 perti-

243 2247 347 2278 nente
376 2253 446 2277 rem
474 2242 646 2287 publicam
667 2244 712 2277 ad
735 2244 964 2278 conciliandos
986 2242 1106 2288 populi
1128 2242 1258 2275 animos
1281 2240 1447 2275 libertate
1469 2242 1634 2287 donavit,
1657 2247 1695 2278 et

243 2289 429 2334 quotannis
450 2289 641 2334 principem
661 2288 801 2323 Sabinis
825 2290 1031 2335 designavit,
1052 2287 1195 2322 Romani
1217 2298 1380 2334 proceres
1405 2286 1448 2321 ad
1470 2287 1695 2333 cupiditatem

240 2336 418 2381 popularis
441 2335 641 2380 liberaeque
671 2334 724 2368 rei
751 2336 909 2379 publicae
933 2340 1012 2370 sunt
1033 2333 1176 2370 incitati.
1223 2344 1336 2378 neque
1358 2332 1446 2366 enim
1468 2333 1694 2379 patriciorum

241 2381 310 2414 ulla
342 2384 418 2416 erat
449 2381 485 2414 in
518 2381 621 2414 rebus
650 2381 810 2425 gerendis
834 2382 1040 2425 auctoritas,
1064 2379 1126 2414 sed
1149 2390 1271 2413 nomen
1293 2379 1462 2413 duntaxat
1483 2383 1519 2414 et
1539 2379 1695 2415 habitum

241 2427 319 2471 regi
353 2427 672 2470 accommodabant,
705 2438 781 2461 cum
812 2426 1067 2462 consuetudinis
1102 2426 1218 2471 potius
1253 2435 1334 2470 ergo
1361 2435 1464 2469 quam
1497 2426 1695 2461 sententiae

241 2473 411 2507 dicendae
443 2484 547 2507 causa
577 2472 613 2506 in
643 2472 772 2506 curiam
802 2473 916 2507 vocati
937 2472 1112 2508 Romulum
1136 2471 1377 2505 decernentem
1400 2470 1501 2505 taciti
1523 2472 1692 2514 audirent,

240 2518 331 2553 nulla
354 2530 393 2553 re
417 2519 615 2564 superiores
638 2518 786 2553 caeteris
809 2519 877 2553 nisi
900 2519 1003 2564 quod,
1026 2528 1114 2564 quae
1136 2516 1195 2550 ille
1210 2516 1437 2562 decrevisset,
1458 2517 1559 2563 primi
1574 2517 1693 2551 audie·

240 2565 338 2599 bant.
386 2577 426 2598 ea
448 2576 487 2598 re
511 2576 584 2599 cum
608 2564 815 2609 dignitatem
837 2570 975 2600 senatus
995 2564 1196 2599 imminuere
1218 2561 1408 2605 videretur,
1431 2573 1472 2597 ac
1493 2563 1596 2608 paulo
1610 2566 1692 2608 post

239 2609 273 2643 in
298 2611 401 2644 terris
424 2622 502 2644 esse
525 2610 698 2654 desiisset,
721 2614 838 2655 patres
861 2610 1052 2656 suspicione
1077 2609 1168 2643 haud
1198 2611 1393 2642 caruerunt.
1448 2619 1524 2643 nam
1548 2619 1622 2643 cum
1645 2608 1689 2641 ad

240 2655 377 2702 Caprae
405 2656 564 2700 paludem
587 2656 777 2691 contionem
800 2657 957 2700 haberet,
980 2657 1092 2691 fertur
1114 2655 1300 2689 obscurato
1319 2654 1392 2687 sole
1418 2665 1487 2688 nox
1510 2653 1688 2688 exstitisse

241 2713 315 2736 cum
349 2702 528 2736 horrendis
558 2702 745 2737 tonitribus
778 2707 814 2736 et
838 2703 1007 2748 procellis.
1058 2702 1193 2735 interea
1217 2701 1352 2734 turbam
1375 2700 1575 2744 diffugisse,
1604 2710 1686 2745 pro-

242 2759 338 2782 ceres
364 2760 449 2782 vero
473 2759 550 2782 sese
583 2748 817 2793 conglobasse.
871 2751 1074 2795 tempestate
1099 2747 1222 2782 sedata
1244 2745 1440 2791 populoque
1461 2756 1580 2780 rursus
1605 2756 1685 2780 con-
