1820 3120
254 55 354 109 ⁵04
728 29 957 104 lomus
991 57 1253 104 zONARAE

393 167 525 223 Οὗτος
547 170 568 216 ὃ
592 171 781 228 ξ’χθιστος
803 170 1067 230 αὐτοκράτωρ
1091 173 1195 227 μετὰ
1217 173 1287 217 τὸν
1309 173 1482 238 Νέρωνα
1504 169 1630 229 αὖθις
1652 178 1724 222 τὸν

251 242 357 286 κατὰ
379 246 459 285 τῶν
480 243 740 298 Χριστιανῶν
766 240 944 297 διωγμὸν
965 241 1193 297 ἀνεκίνησε,
1228 246 1301 298 τῆς
1321 243 1470 286 ἐκείνου
1495 247 1724 301 θεομαχίας

253 308 443 364 διάδοχος
465 307 657 365 γεγονώς·
691 308 736 360 ὃς
758 311 826 352 καὶ
848 309 919 352 τὸν
942 308 1168 353 ἀπόστολον
1191 312 1258 353 καὶ
1282 310 1562 369 εὖαγγελιστὴν
1580 313 1722 358 Ἰωάν-

202 388 232 422 C
254 396 326 433 νην
357 379 399 420 ἓν
431 375 594 435 Πάτμῳ
625 382 675 435 τῇ
710 376 820 436 νήσῳ
855 377 924 420 διὰ
957 377 1003 420 τὸ
1035 377 1222 436 κήρυγμα
1253 378 1486 436 περιώρισε,
1515 375 1723 435 Δ’κεαΓίὀίις

249 445 475 502 ἀπογόνους
497 446 638 500 Δαβὶδ
660 446 919 504 ἀναιρεῖσθαι
941 447 1174 503 προσέταξε.
1241 449 1372 491 ταῦθ’
1399 448 1570 505 ἱστορῶν
1590 447 1756 495 ‹iffi-5

249 515 385 569 σε’βιος
407 515 477 558 τὸν
498 512 753 571 Ἡγήσιππον
776 513 946 571 παράγει
969 515 1135 571 λέγοντα
1158 514 1299 566 οὕτως.
1349 514 1437 560 “ἐ’τι
1461 517 1506 560 δὲ
1528 523 1723 577 περιῆσαν

249 583 387 627 υἱωνοὶ
417 581 555 626 Ἰούδα
589 587 664 626 τοῦ
698 583 801 626 κατὰ
835 580 968 639 σάρκα
999 584 1213 639 λεγομένου
1246 585 1427 642 ἀδελφοῦ
1459 590 1533 629 τοῦ
1565 583 1722 645 κυρίου,

249 650 320 702 οὕς
342 669 444 702 τινες
467 650 758 709 προσήγγειλαν
783 649 839 702 ὥς
861 653 904 694 ἐκ
926 651 1064 708 γένους
1086 651 1205 703 ὄντας
1227 653 1381 707 Δαβίδ.
1431 651 1600 706 τούτους
1621 656 1724 714 πρὸς

248 720 371 762 αὗτὸν
394 720 595 774 ἀχθέντας
617 718 638 762 ὃ
663 719 917 775 Δομετιανὸς
947 719 1067 778 ἤρετο
1101 723 1136 763 εἴ
1166 722 1208 763 ἐκ
1231 722 1374 776 Δριβίδ
1397 724 1496 764 εἰσι·
1531 725 1597 766 καὶ
1621 741 1721 767 κατ-

247 788 402 831 έθεντο.
471 787 745 846 προσεπήρετο
782 783 854 830 οὖν
889 786 1019 839 πόσας
1053 789 1260 844 κέκτηνται
1292 789 1452 846 κτήσεις
1485 793 1552 834 καὶ
1583 790 1720 837 πόσων
1731 801 1778 838 10

247 857 463 914 εὐποροῦσι
481 855 727 913 χρημάτων·
764 857 801 900 οἶ
835 857 877 899 δ’
914 855 1071 914 ἔφασαν
1103 858 1371 913 ἐννακισχίλια
1394 857 1567 916 δηνάρια
1587 859 1722 919 ὑπάρ-

162 983 165 985 .
243 943 329 979 χειν
353 925 489 976 αὐτοῖς
510 923 617 979 μόνα
629 957 642 977 ,
677 927 744 968 καὶ
769 930 899 969 ταῦτα
923 925 995 968 οὐκ
1018 927 1060 968 ἐν
1083 926 1289 983 ἀργυρίοις
1313 926 1416 982 ἔχειν
1440 928 1535 970 ἀλλ’
1563 929 1605 973 ἓν
1629 932 1722 973 δια-

193 1000 226 1035 D
249 991 409 1048 τιμήσει
431 998 525 1049 γῆς,
561 994 604 1044 ἓξ
635 988 684 1048 ἧς
718 991 868 1044 αὐτούς
901 1010 943 1036 τε
973 995 1268 1052 διατρέφεσθαι
1300 995 1624 1053 αὖτουργοῦντας
1653 1001 1722 1041 καὶ

245 1062 341 1112 τούς
372 1060 528 1120 φόρους
562 1063 781 1120 εἴσφὲρειν·
817 1063 885 1105 καὶ
916 1061 990 1117 τὴν
1019 1066 1100 1106 τῶν
1127 1067 1275 1121 χειρῶν
1311 1065 1355 1106 δὲ
1385 1064 1616 1121 τραχύτητα
1650 1063 1721 1110 ε’π-

244 1132 444 1173 εὸείκνυον
476 1135 548 1185 τῆς
581 1131 821 1188 αὖτουργίας
851 1129 1090 1188 μαρτύριον.
1158 1132 1430 1189 ἐρωτηθέντες
1463 1133 1508 1176 δὲ
1539 1136 1608 1177 καὶ
1629 1138 1718 1194 περὶ
1731 1142 1775 1180 15

244 1203 316 1254 τῆς
339 1204 411 1242 τοῦ
433 1201 620 1256 Χριστοῦ
642 1201 874 1253 βασιλείας,
909 1197 1026 1242 ὁποία
1060 1217 1121 1250 τις
1153 1200 1210 1256 εἴη
1235 1202 1302 1243 καὶ
1326 1206 1401 1244 ποῖ’
1425 1203 1493 1244 καὶ
1517 1200 1612 1253 πότε
1636 1221 1720 1262 φα-

243 1268 466 1323 νησομένη,
502 1268 550 1310 οὗ
583 1268 779 1323 κοσμικὴν
813 1267 940 1322 αὐτὴν
975 1267 1074 1311 εἶναι
1108 1268 1203 1311 οὐδ’
1241 1271 1410 1325 ἐπίγειον
1444 1270 1720 1328 ἀπεκρίναντο,

242 1335 337 1377 ἀλλ’
365 1335 617 1392 ἐπουράνιον,
653 1338 716 1379 ἐπὶ
740 1338 944 1396 συντελείᾳ
966 1341 1041 1380 τοῦ
1064 1339 1210 1388 αἰῶνος
1231 1338 1526 1394 φανησομένην.
1561 1340 1632 1398 ἐφ’
1659 1339 1721 1393 οἷς

242 1402 298 1455 ὡς
321 1405 489 1447 εὐτελῶν
512 1405 645 1448 αὐτῶν
667 1403 982 1462 καταφρονήσας
1004 1403 1026 1448 ὃ
1044 1406 1299 1459 Δομετιανὸς
1315 1407 1555 1466 ἐλευθέρους
1572 1408 1719 1468 ἀφῆκε,

243 1474 309 1515 καὶ
332 1474 402 1517 τὸν
426 1474 603 1529 διωγμὸν
625 1472 906 1530 προστάγματι
930 1472 1147 1516 {navant-²²
1726 1487 1774 1523 20

372 1540 422 1585 ‘O
443 1542 520 1597 μὲν
544 1538 615 1585 οὗν
635 1540 826 1593 κάκιστος
847 1541 1016 1598 γεγονὼς
1037 1543 1182 1597 βιαίως
1204 1542 1402 1600 ἀπέρρηξε
1425 1543 1499 1598 τὴν
1522 1542 1640 1600 ζωήν,
1664 1543 1719 1596 ὥς

334 1683 356 1717 1
371 1677 440 1716 τὸν
455 1681 553 1727 prius
570 1694 623 1717 om
639 1682 683 1717 A.
752 1682 775 1716 2
799 1682 872 1717 τῶν
895 1682 1141 1727 Χριστιανῶν]
1164 1678 1373 1726 χριστιανὸν
1395 1681 1441 1720 A.
1507 1676 1719 1719 ἀνεκαίνισε

330 1729 381 1762 A:
408 1728 580 1762 Eusebius
606 1724 779 1764 ἀνεκίνει.
873 1728 894 1761 5
919 1724 1112 1784 Εὐσέβιος]
1135 1729 1228 1763 Hist.
1253 1728 1338 1763 eccl.
1360 1727 1422 1763 lib.
1446 1728 1470 1763 3
1493 1739 1571 1774 cap.
1588 1728 1643 1764 19.
1660 1729 1718 1766 20.

334 1773 381 1808 18
404 1774 472 1808 τοῦ
495 1772 632 1815 αἰῶνος
653 1774 685 1809 Α
710 1773 903 1817 Eusebius,
934 1774 1008 1808 τῶν
1031 1771 1178 1808 αἰωνων
1201 1774 1292 1808 PW.
1477 1773 1524 1808 20
1546 1770 1717 1820 ἔπαυσεν]

335 1815 482 1863 ἀφῆκεν
506 1819 548 1855 A.
689 1819 733 1854 21
760 1816 809 1860 ὥς
831 1819 915 1854 εἴθε
938 1817 1003 1854 καὶ
1023 1817 1095 1865 πρὸ
1118 1820 1184 1864 τῆς
1205 1818 1411 1864 μοναρχίας
1433 1831 1488 1854 om
1510 1820 1555 1856 A.

378 1942 448 1976 Hic
470 1943 705 1978 odiosissimus
729 1943 920 1988 imperator
943 1944 1217 1989 persecutionem
1240 1942 1517 1978 Christianorum
1540 1946 1621 1990 post
1642 1943 1718 1978 Ne-

240 1998 360 2021 ronem
382 1988 655 2034 redintegravit,
677 1989 766 2024 iuius
790 1990 826 2023 in
850 1990 1081 2035 oppugnando
1106 1989 1243 2024 numine
1268 1989 1445 2023 audaciam
1466 1989 1643 2032 imitatus3
1678 1994 1718 2024 et

238 2033 406 2068 Ioannem
440 2037 631 2080 apostolum
665 2036 882 2080 eundemque
913 2036 1168 2080 evangelistam
1192 2037 1236 2070 ob
1268 2035 1492 2081 praeconium
1514 2035 1549 2069 in
1572 2036 1719 2071 insulam

239 2079 385 2113 Patmon
410 2081 603 2126 relegavit,
640 2081 856 2126 Davidisque
878 2086 1039 2126 posteros
1062 2082 1139 2116 tolli
1160 2081 1273 2115 iussit.
1321 2092 1421 2126 quam
1446 2092 1517 2114 rem
1544 2081 1716 2117 Eusebius

238 2125 435 2171 Hegesippi
468 2127 587 2162 verbis
620 2128 665 2161 ad
696 2128 787 2161 hunc
820 2127 964 2172 exponit
997 2128 1145 2162 modum.
1188 2123 1328 2161 “adhuc
1366 2126 1575 2171 superstites
1615 2132 1718 2163 erant

239 2177 386 2216 nepotes
422 2173 552 2216 Iudae,
590 2173 648 2217 qui
678 2173 790 2206 frater
819 2173 948 2206 domini
979 2174 1164 2207 secundum
1197 2183 1333 2206 carnem
1365 2172 1510 2206 dicitur:
1551 2183 1638 2218 quos
1676 2178 1718 2208 ut

239 2216 387 2251 Davidis
417 2224 578 2262 posteros
609 2218 745 2264 quidam
778 2219 989 2254 detulerunt.
1046 2231 1106 2253 eos
1141 2219 1359 2252 Domitianus
1389 2217 1444 2251 ad.
1471 2229 1510 2251 se
1546 2219 1714 2253 adductos

239 2269 467 2308 percontatus
492 2269 549 2298 est
573 2275 616 2297 an
640 2265 802 2299 Davidici
828 2270 957 2299 essent.
1004 2265 1070 2298 iilis
1101 2265 1359 2299 affirmantibus
1391 2263 1612 2308 interrogare
1636 2276 1717 2310 per·
1781 2273 1784 2275 “

239 2309 335 2343 rexit
367 2315 452 2355 quot
483 2311 611 2344 fundos
644 2311 866 2355 possiderent
895 2315 932 2344 et
964 2316 1130 2355 quantum
1162 2310 1332 2355 pecuniae
1355 2308 1537 2344 haberent.
1586 2311 1642 2344 cui
1666 2310 1715 2344 ἰΙΙί

239 2357 516 2399 responderunt,
549 2367 671 2389 novem
695 2356 790 2390 milia
813 2356 1036 2390 denariorum
1059 2361 1192 2390 tantum
1218 2367 1255 2389 se
1278 2356 1427 2398 habere,
1452 2367 1565 2400 eaque
1589 2367 1656 2390 non
1679 2356 1716 2390 in

240 2402 389 2445 pecunia
413 2402 474 2435 sed
498 2402 535 2435 in
560 2402 804 2436 aestimatione
825 2402 1030 2444 fundorum,
1068 2403 1160 2436 unde
1184 2407 1220 2435 et
1242 2401 1310 2447 ipsi
1334 2401 1453 2434 labore
1477 2413 1616 2436 suarum
1640 2413 1716 2435 ma-

240 2457 343 2480 nuum
376 2447 577 2483 victitarent
610 2452 647 2481 et
677 2447 813 2481 tributa
844 2447 1057 2492 penderent:
1095 2453 1132 2481 et
1163 2458 1321 2481 manuum
1353 2446 1459 2480 callos
1490 2458 1555 2492 pro
1587 2447 1715 2482 laboris

240 2498 445 2536 argumento
479 2494 717 2528 ostenderunt.
763 2493 971 2538 interrogati
995 2493 1098 2527 etiam
1132 2493 1175 2526 de
1199 2492 1333 2526 Christi
1362 2504 1492 2537 regno,
1527 2492 1716 2526 cuiusmodi

240 2538 276 2571 id
302 2544 398 2572 esset
422 2544 457 2572 et
481 2539 540 2573 ubi
567 2545 603 2573 et
626 2539 763 2584 quando
787 2539 1034 2581 revelandum,
1070 2539 1107 2573 id
1131 2549 1199 2572 non
1224 2550 1302 2572 esse
1326 2539 1529 2572 mundanum
1553 2539 1716 2572 dixerunt

241 2595 356 2628 neque
387 2589 584 2629 terrenum,
618 2586 680 2619 sed
704 2586 857 2619 caeleste
880 2590 917 2619 et
940 2585 976 2618 in
1003 2584 1295 2619 consummatione
1316 2585 1530 2618 saeculorum
1554 2584 1717 2618 revelan-

241 2630 334 2663 dum.
361 2629 414 2663 his
436 2631 561 2665 auditis
584 2631 803 2665 Domitianus
827 2642 887 2664 eos
913 2632 957 2664 ob
979 2631 1149 2665 vilitatem
1171 2629 1377 2675 contempsit
1401 2634 1437 2664 et
1461 2629 1590 2664 liberos
1614 2630 1717 2664 dimi-

241 2674 300 2717 sit,
326 2679 362 2709 et
387 2677 663 2719 persecutionem
689 2677 804 2711 edicto
826 2672 1012 2711 inhibuit.”

381 2721 449 2755 Hic
480 2722 590 2767 igitur
614 2728 652 2757 ut
674 2722 846 2770 pessimus
868 2723 959 2768 fuit,
990 2722 1043 2757 ita
1076 2721 1182 2757 vitam
1214 2721 1389 2756 violenter
1420 2720 1585 2767 abrupit:
1620 2721 1714 2766 quod
