1786 3120
762 108 973 154 NOTAE.
1525 109 1629 157 639

133 214 394 271 Λουκουστα,
433 214 716 272 Τουρκουάτος
745 216 980 270 Κικινᾶτος,
995 216 1137 276 Κάρος
1162 223 1203 260 et
1231 221 1271 260 id
1295 233 1417 273 genus
1444 198 1519 261 alia
1541 221 1628 261 libri

134 287 267 317 omnes
294 275 438 315 habent
455 276 631 315 Zonarae
655 277 773 316 aetati
802 290 1005 330 suppares.

246 331 394 386 p-441
419 335 527 374 v-1-
583 333 652 374 καί
679 334 782 385 τινα]
814 334 1050 374 Cremutium
1079 334 1264 374 Cordum.

246 403 288 443 Ρ.
316 387 403 432 454
429 401 467 428 v.
499 389 566 431 19.
629 387 722 439 ἑνός
750 389 795 431 δὲ
822 394 906 432 τῶν
934 390 1223 444 κτεινομένων]
1257 391 1331 431 Dio
1359 390 1426 430 lib.
1443 391 1545 434 590.
1570 391 1624 434 25

132 449 387 489 Βετιλλῖνον
400 443 445 487 δὲ
474 443 662 488 Κάσσιον
698 443 994 503 αποσφαγῆναι
1028 446 1220 497 κελεύσας
1256 447 1325 489 καὶ
1363 464 1436 490 τον
1473 448 1628 514 πατέρα

134 500 267 546 ariter?
281 504 506 545 Καπίτωνα
525 507 716 557 παρεῖναι
739 505 1001 560 φονευομένῳ
1031 501 1142 560 αὐτῷ
1167 502 1458 560 κατηνάγκασε.
1486 506 1526 545 in
1544 507 1625 546 Ex-

133 561 277 614 oerptis
303 560 498 601 Vaticanis
535 559 696 610 Βάσσος
724 562 788 600 ille
817 563 1043 614 appellatur,
1065 567 1108 603 ut
1136 564 1238 615 apud
1260 564 1462 603 Senecam.

244 631 283 670 Ρ.
313 617 398 659 456
426 630 465 657 v-
497 619 563 659 11.
601 621 782 671 κρατῆρα
809 620 877 659 καὶ
907 617 1070 672 θυρσον
1099 619 1254 671 φέρειν]
1289 634 1376 659 cum
1397 619 1626 671 Dionysium

130 688 202 715 seu
229 674 420 714 Bacchum
447 687 490 713 se
515 675 673 714 diceret.
731 676 952 715 Eustathius
985 677 1021 715 11
1059 680 1082 719 1
1129 676 1186 718 ἔτι
1230 675 1275 718 δὲ
1302 676 1371 718 καὶ
1398 692 1474 730 την
1502 673 1623 728 (οἷπό-

132 731 275 785 νοιαν)
302 733 378 772 τοῦ
404 727 701 802 αὐτοκράτορος
738 734 865 773 Γαΐου
902 736 976 774 τοῦ
1014 733 1081 774 καὶ
1114 729 1353 806 Καλλιγόλα
1367 733 1470 786 φασὶ
1494 747 1624 788 προσ-

132 787 425 855 αγορευθέντος
467 785 535 829 διὰ
578 786 624 830 τό
653 788 697 830 ἐν
726 790 980 858 στρατοπέδῳ
1007 792 1272 844 γεννηθῆναι·
1301 786 1419 839 ουτος
1447 789 1521 843 μὲν
1544 789 1624 846 γὰρ

130 841 449 900 ὑπερφρονήσας
491 861 548 894 ως
586 843 690 894 εἰκὸς
727 846 793 888 ἐπὶ
835 832 973 888 κάλλει
1000 848 1090 896 νέος
1129 863 1169 889 τε
1197 848 1419 897 Διονυσιος
1446 847 1623 890 ἐκαλεῖτο

131 901 201 944 καὶ
228 899 510 955 Διονυσιακην
537 905 675 944 πᾶσαν
703 901 885 945 ἐνδύνων
915 903 1061 955 στολην
1089 904 1282 953 ἐδίκαζεν.
1339 905 1444 944 Duc.

131 987 137 991 κ
245 972 286 1012 Ρ.
311 957 397 1001 457
427 973 462 998 v
492 959 559 1001 15.
623 961 680 1008 εἰς
716 961 872 1002 οἰκεῖον
914 959 1040 1014 ίερον]
1089 963 1192 1013 quod
1222 963 1348 1001 hausit
1389 964 1561 1001 Zonaras
1599 976 1624 1001 a

132 1015 293 1056 Philone
325 1017 364 1054 in
387 1015 532 1087 Legat(-
557 1017 608 1055 ad
640 1018 778 1056 Gaium
807 1033 847 1071 p.
879 1020 962 1061 731
991 1020 1083 1058 edit.
1114 1019 1303 1058 Turnebi:
1335 1016 1407 1060 τὸν
1437 1017 1482 1060 δὲ
1508 1018 1551 1060 ἐν
1573 1021 1626 1074 τῇ

133 1069 334 1141 ἱεροπόλει
359 1071 482 1125 νεών,
511 1070 555 1122 ὃς
579 1071 722 1123 λοιπός
751 1069 806 1127 ἦν
851 1073 1075 1126 ἄψαυστος,
1105 1071 1272 1124 ἀσυλίας
1300 1075 1529 1129 ἠξιωμένος
1553 1079 1628 1128 τῆς

133 1141 279 1183 πασης,
309 1128 585 1184 μεθηρμόζετο
604 1131 673 1171 καὶ
688 1130 1014 1184 μετεσχημάτιζεν
1032 1133 1088 1181 εἰς
1112 1133 1305 1173 οἰκεῖον
1287 1132 1406 1187 ίερόν,
1431 1133 1500 1173 ι’να
1526 1132 1626 1181 Διὸς

131 1186 362 1238 ἐπιφανοῦς
402 1188 496 1229 νέου
532 1189 750 1244 χρηματίζῃ
785 1191 924 1230 Γαΐου.
978 1191 1119 1241 quippe
1150 1186 1356 1243 ίερόπολιν
1383 1191 1624 1229 Hierusalem

132 1249 266 1284 vocat
279 1245 319 1284 in
347 1244 412 1284 lib.
441 1249 575 1284 contra
602 1246 784 1284 Flaccum
823 1261 862 1298 p.
890 1249 990 1297 667,
1020 1251 1059 1286 et
1092 1247 1132 1285 in
1154 1247 1218 1289 lib,
1249 1247 1341 1299 περὶ
1369 1243 1541 1300 ὀνείρων
1572 1248 1626 1286 ait

133 1304 242 1343 θεοῦ
256 1298 376 1342 πόλιν
403 1301 452 1340 ab
466 1302 655 1341 Hebraeis
671 1303 872 1354 appellari.
917 1303 1021 1342 Duc.
1059 1325 1107 1331 —
1149 1305 1264 1342 immo
1294 1306 1468 1343 Zonaras
1491 1309 1627 1342 aucto-

129 1371 212 1398 rem
243 1362 398 1397 secutus
425 1363 486 1398 est
505 1359 709 1398 Eusebium
734 1360 856 1412 (Hist.
881 1361 974 1399 eccl·
1006 1363 1046 1411 2,
1072 1359 1131 1411 6),
1162 1362 1352 1399 Eusebius
1381 1361 1595 1399 Philonem.

245 1429 286 1468 Ρ.
307 1413 392 1457 458
422 1429 457 1455 v
485 1416 525 1457 8.
579 1412 797 1469 Εὐσέβιος]
833 1418 922 1456 vide
961 1430 1059 1468 quae
1099 1417 1148 1455 de
1179 1423 1305 1456 morte
1342 1418 1451 1456 Pilati
1490 1418 1623 1456 scribit

130 1472 295 1512 Ioannes
319 1471 578 1512 Antiochenus
608 1487 646 1525 Ρ.
679 1475 778 1520 809,
807 1478 846 1512 et
872 1473 1184 1513 commentarium
1203 1475 1461 1526 apocryphum
1486 1475 1550 1525 qui
1572 1475 1622 1513 de

132 1530 305 1569 eiusdem
332 1533 458 1569 morte
488 1530 706 1569 inscribitur
733 1530 773 1567 in
803 1531 934 1569 codice
965 1531 1189 1582 Colberteo,
1216 1531 1256 1569 in
1285 1531 1368 1570 aliis
1389 1532 1433 1569 S.
1465 1531 1621 1570 Ioannis

129 1586 302 1638 theologi
327 1587 426 1624 falso
455 1599 595 1626 nomen
623 1587 803 1639 praefert.
858 1587 958 1626 Duc.

246 1657 287 1696 p.
323 1641 410 1685 460
448 1655 484 1684 V.
518 1645 558 1686 8.
617 1642 784 1696 Λιβίας]
821 1649 927 1682 recte
955 1643 1127 1694 quidem:
1166 1657 1254 1682 nam
1290 1645 1436 1684 Tiberii
1475 1646 1625 1684 Claudii

131 1700 303 1740 Neronis
327 1713 425 1739 uxor
452 1700 524 1738 fuit
549 1699 661 1738 Livia
682 1700 863 1738 Drusilla.
904 1713 1032 1738 verum
1074 1714 1153 1739 mss
1183 1715 1314 1741 omnes
1336 1703 1448 1753 Regii
1471 1707 1512 1741 et
1530 1696 1622 1741 Col-
1644 1705 1731 1740 P22

131 1757 289 1796 berteus
316 1761 359 1795 ut
387 1760 427 1795 et
455 1756 554 1795 infra
577 1770 618 1808 p.
655 1757 736 1798 185
762 1761 802 1795 et
829 1757 915 1798 190
945 1757 1116 1798 Ἰουλίαν
1150 1771 1354 1810 perperam
1380 1760 1623 1811 praeferunt:

131 1827 204 1853 nec
231 1814 313 1852 scio
341 1826 390 1852 an
416 1826 463 1852 ex
491 1814 646 1864 ingenio
674 1814 835 1852 Wolfius
863 1814 1014 1866 Λιβίας
1040 1817 1279 1866 reposuerit:
1320 1820 1426 1856 certe
1463 1817 1629 1856 eundem

133 1878 305 1911 errorem
333 1874 438 1909 errat
467 1871 743 1909 Constantinus
769 1870 971 1909 Manasses
1001 1870 1052 1922 [V.
1086 1873 1196 1913 1788
1233 1873 1381 1925 1789]:

356 1943 511 2039 332¹&
513 1923 1164 2040 ‘{.{12⁰‡?}⁹2{“3i.22”‘'5552'5‘50.3
1168 1939 1339 2028 Ἕῗῗι..
1396 1987 1500 2028 1³00

133 2041 255 2080 nostri
285 2043 437 2082 codices
466 2043 600 2094 λιβίας
626 2042 783 2080 habent.

249 2111 289 2149 Ρ.
319 2097 404 2141 463
433 2112 468 2137 v.
498 2099 563 2140 15.
620 2097 863 2151 καισᾶρειοι]
892 2099 1101 2137 caesariani
1123 2101 1236 2139 etiam
1261 2102 1445 2155 deinceps
1471 2103 1626 2155 saepius

135 2154 379 2208 appellantur
405 2156 517 2195 aulici
547 2169 729 2208 proceres
759 2157 839 2195 sive
868 2156 994 2195 liberti
1023 2157 1102 2195 sive
1131 2158 1205 2197 alii.
1255 2159 1315 2197 W.

249 2226 291 2264 Ρ.
325 2212 408 2254 466
437 2226 474 2254 v.
505 2216 573 2255 21.
631 2211 804 2261 δούλους
824 2212 1064 2265 νοσοῦντας]
1093 2215 1180 2253 vide
1206 2215 1339 2254 Gloss.
1366 2216 1466 2254 med.
1482 2214 1598 2254 Lat.
1588 2230 1628 2255 m

135 2282 176 2312 v.
200 2269 489 2320 Manumissio,
518 2271 589 2309 sub
618 2271 744 2310 finem.
788 2269 891 2309 Duc.

90 2372 94 2376 .
250 2340 289 2379 p.
317 2325 402 2368 467
426 2340 461 2366 v.
489 2330 529 2370 9.
557 2327 793 2380 ἐγχειρίδιον
822 2324 1116 2381 παρεζῶννυτο]
1157 2328 1375 2378 ambiguum
1403 2333 1527 2368 utrum
1556 2343 1628 2382 pu-

137 2382 291 2434 gillares
318 2397 368 2422 an
395 2385 512 2436 pugio
540 2386 592 2424 sit
621 2384 906 2434 intelligendus.
951 2384 1014 2423 W.

252 2453 293 2492 Ρ.
322 2439 409 2483 470
439 2455 474 2480 v,
504 2443 572 2483 10.
622 2440 689 2481 καὶ
710 2438 777 2482 τὸν
793 2440 1015 2493 Σωσίβιον]
1033 2442 1085 2479 ita
1102 2442 1341 2493 reposuimus
1363 2454 1409 2479 ex
1432 2454 1511 2480 mss
1527 2442 1626 2493 Reg.

139 2501 179 2536 et
207 2497 336 2547 colb„
363 2498 427 2536 ubi
455 2498 616 2537 Wolfius
645 2499 836 2538 σωσίκιον
874 2511 1096 2549 perperam:
1136 2512 1223 2536 nam
1258 2498 1459 2536 Sosibium
1491 2502 1628 2537 vocant

138 2555 253 2593 etiam
267 2553 428 2592 Tacitus
455 2556 521 2594 lib.
553 2557 603 2596 11
633 2560 673 2594 et
686 2555 760 2593 Dio
790 2556 827 2593 in
844 2556 1046 2606 Excerptis
1068 2555 1278 2593 Valesianis
1306 2570 1343 2606 Ρ.
1360 2557 1458 2596 678.
1526 2556 1626 2594 Duc.

254 2626 293 2664 Ρ.
317 2609 402 2653 478
431 2625 468 2650 v.
497 2614 538 2654 8.
602 2611 901 2664 περιοδονίκης]
940 2612 1152 2662 perihodon
1201 2613 1339 2650 vicisse
1389 2613 1525 2650 dicitur
1562 2612 1625 2664 qui

137 2667 272 2720 Pythia
296 2668 454 2707 Isthmia
481 2670 630 2709 Nemea
658 2670 835 2720 Olympia
860 2670 962 2707 vicit.
1000 2669 1155 2707 Festus.

250 2739 290 2778 Ρ.
318 2724 402 2766 479
431 2740 468 2765 ν.
499 2727 566 2770 12.
612 2723 795 2777 Οὐίνδιξ]
812 2727 875 2777 qui
890 2726 1029 2774 Βίνδιξ
1045 2724 1159 2764 Dioni
1174 2724 1238 2764 lib.
1256 2725 1311 2766 63
1327 2739 1366 2776 p.
1384 2725 1481 2767 725.
1524 2724 1625 2764 Duc.

251 2796 292 2835 p.
322 2780 409 2824 480
431 2797 467 2823 v,
503 2786 566 2826 18.
625 2781 916 2838 στρατόπεδον]
949 2784 1158 2821 stacionem
1188 2782 1361 2820 militum
1392 2786 1504 2821 vocat
1529 2783 1625 2821 Sue-
