1820 3120
266 89 364 134 332
739 86 981 134 IOANNIS'
1003 54 1264 135 ZONARAE

266 202 509 259 ὁρωθέντος.
578 202 624 245 τὸ
658 204 683 245 δ
690 202 703 219 '
737 204 779 254 ἐξ
812 205 1018 259 ἀνατομῆς
1048 209 1267 261 παρελθεῖν
1289 208 1345 255 εἰς
1367 205 1436 249 τὸν
1457 207 1547 260 βίον
1569 204 1642 249 οῧκ
1666 205 1729 248 ἐπ’
1782 215 1786 219 ’

265 271 375 328 αὐτῷ
398 270 567 325 γέγονεν,
604 270 700 312 ἀλλ’
725 272 793 313 ἐπί
813 289 888 315 τινι
911 278 991 314 τῶν
1014 271 1222 328 προγόνων
1246 273 1392 326 αὐτοῦ,
1427 275 1494 316 καὶ
1517 276 1560 326 ἐξ
1583 275 1731 318 ἐκείνου

262 337 335 392 τὴν
357 341 498 392 κλῆσιν
520 337 638 392 ἴσχον
661 339 699 382 οἶ
722 341 869 382 ἐκείνου
894 339 1097 395 ἀπόγονοι.

398 405 664 460 Προσιόντων
693 408 741 450 δέ
761 426 856 450 ποτε
880 413 959 450 τῶν
982 407 1148 451 ὑπάτων
1172 407 1284 465 αὐτῷ
1306 409 1372 450 καὶ
1395 410 1733 466 τῶνῖστρατηγῶν

261 475 329 515 καὶ
352 478 427 527 τῆς
445 479 599 530 βουλῆς
621 474 781 530 ἀπάσης
805 475 1022 530 ἑπομένης,
1051 475 1112 519 ὅτι
1135 477 1193 530 μὴ
1219 477 1405 531 ἐξανέστη
1429 475 1663 532 καθήμενος
1685 478 1766 519 οὔὸ

260 539 386 595 μόνον
404 541 580 598 ’ἐλύπησε
604 544 676 598 τὴν
698 545 853 599 βουλὴν
877 544 982 586 ἀλλὰ
1005 547 1071 586 καὶ
1096 545 1166 587 τὸν
1190 548 1346 599 δῆμον,
1389 542 1444 595 ὥς
1467 547 1509 587 ἓν
1530 549 1584 602 τῇ
1604 550 1736 602 βουλῇ

262 612 658 666 προπηλακιζομένης
691 616 763 666 τῆς
796 611 972 664 πόλεως,
1021 615 1088 655 καὶ
1119 613 1222 667 μετὰ
1255 615 1475 670 κατηφείας
1508 613 1547 656 οἱ
1577 615 1761 664 πλείους,
1792 636 1795 638 ·

262 677 452 733 ἀπῆλθον
471 679 608 730 εὐθύς.
645 681 853 734 ἐπιγίνεται
870 682 913 722 δὲ
930 688 1013 730 τοῖς
1026 681 1360 738 προσκρούσμασι
1373 679 1530 732 τούτοις
1541 683 1607 724 καὶ
1620 680 1641 724 ὃ
1655 670 1736 724 τῶν
1800 706 1802 709 v

233 777 235 781 -
263 745 484 804 δημάρχων
498 747 845 804 προπηλακισμός.
871 751 1036 791 ἐτελεῖτο
1051 750 1124 803 μὲν
1137 751 1218 807 γὰρ
1230 754 1280 807 τῇ
1293 747 1405 792 πόλει
1419 747 1554 807 ἑορτή,
1569 751 1734 807 Καῖσαρ

206 818 237 852 C
262 815 299 856 δ’
320 817 382 856 ε’πὶ
402 817 551 872 δίφρου
567 817 743 873 χρυσέου
763 816 999 872 καθήμενος
1017 818 1155 876 κόσμῳ
1174 825 1454 872 κατεκοσμεῖτο
1472 822 1731 876 θριαμβικῷ·
1746 829 1792 864 lo

56 885 238 923 WI1132
256 881 466 934 Ἀντώνιος
497 885 540 926 δὲ
572 883 782 927 ὑπατεύων
814 888 869 935 εἷς
902 887 1054 942 ἀγορὰν
1086 886 1247 939 ἐνέβαλε
1282 887 1416 944 φέρων
1439 885 1621 942 διάδημα
1644 904 1736 931 στε-
1795 937 1799 941 ,

261 950 379 1008 φάνῳ
417 951 575 1010 δάφνης
610 955 992 1010 περιπεπλεγμένον,
1039 956 1105 996 καὶ
1143 957 1278 997 ἐδίδου
1314 960 1373 1012 τῷ
1410 956 1601 1012 Καίσαρι.
1657 956 1736 998 ’καὶ

259 1020 405 1074 γίνεται
439 1019 583 1077 κρότος
615 1022 661 1063 οὐ
694 1022 880 1079 λαμπρὸς
911 1024 954 1064 ἐκ
987 1028 1267 1080 παρασκευῆς·
1303 1023 1571 1078 ἀπωσαμένου
1591 1014 1640 1066 ’δὲ
1662 1028 1735 1067 τοῦ
1787 1018 1791 1022 ’

260 1089 473 1143 Καίσαρος
497 1088 602 1139 ἅπας
625 1088 646 1131 ὃ
674 1092 803 1144 δῆμος
827 1090 1086 1147 ἀνεκρότησε·
1132 1095 1199 1134 καὶ
1225 1090 1369 1134 τούτου
1396 1093 1458 1142 δὶς
1478 1089 1685 1148 γεγονότος
1708 1090 1734 1146 ἦ

259 1163 377 1212 πεῖρα
401 1157 627 1212 ἐξηλέγχετο
652 1161 716 1199 καὶ
742 1157 762 1199 ὃ
788 1161 951 1214 Καῖσαρ
986 1160 1143 1214 ἀνέστη.
1211 1162 1292 1203 ἐπεὶ
1328 1161 1372 1201 δὲ
1404 1161 1470 1202 καὶ
1501 1158 1734 1215 ἀνδριάντες
1746 1169 1791 1206 15

261 1225 387 1266 αὐτοῦ
413 1225 660 1280 διαδήμασιν
685 1226 890 1283 ὤφθησαν
914 1228 1197 1282 ἀναδεδεμένοι
1219 1231 1467 1282 βασιλικοῖς,
1498 1228 1736 1271 ἀπέσπασαν

259 1296 388 1335 ταῦτα
413 1294 450 1335 οἳ
475 1293 695 1351 δήμαρχοι,
719 1298 785 1337 καὶ
809 1297 903 1345 τοὺς
928 1295 1218 1352 προσειπόντας
1241 1296 1364 1339 αὐτὸν
1385 1297 1557 1350 βασιλέα
1581 1297 1735 1352 ἀπῆγον

261 1364 317 1410 εἷς
347 1361 635 1418 δεσμωτήριον.
705 1365 771 1404 καὶ
796 1363 816 1404 ὃ
843 1366 970 1417 δῆμος
995 1366 1057 1405 ε’πὶ
1081 1364 1238 1415 τούτοις
1261 1363 1411 1421 ἐκρότει
1433 1367 1500 1407 καὶ
1526 1363 1736 1421 Βρούτους

261 1428 393 1471 ἐκάλει
418 1431 512 1481 τοὺς
535 1430 706 1487 ἄνδρας·
755 1434 938 1487 Βροῦτος
970 1433 1048 1488 γὰρ
1079 1426 1142 1487 ἦν,
1188 1432 1243 1483 ὥς
1278 1431 1486 1488 ἱστόρηται
1518 1432 1674 1484 ἄνωθι,
1711 1431 1732 1475 ὅ

262 1496 495 1548 καταλύσας
521 1498 748 1555 Ταρκύνιον
779 1503 846 1541 καὶ
876 1501 921 1542 τὸ
946 1499 1095 1557 κράτος
1118 1504 1173 1551 εἰς
1197 1501 1241 1543 τὸ
1266 1501 1398 1543 κοινὸν
1421 1499 1667 1558 περιστήσας
1689 1503 1732 1543 ἔκ
1743 1509 1789 1544 20
1812 1510 1820 1527 ³

206 1571 239 1605 D
261 1569 497 1623 μοναρχίας.
567 1570 630 1610 ἐπὶ
661 1567 820 1619 τούτοις
851 1566 872 1610 ὅ
900 1570 1063 1625 Καῖσαρ
1095 1571 1365 1627 παροξυνθεὶς
1396 1569 1468 1624 τὴν
1497 1570 1571 1624 μὲν
1605 1569 1734 1626 ἀρχὴν

259 1634 355 1684 τοὺς
379 1634 616 1691 δημάρχους
638 1636 845 1692 ἀφείλετο,
882 1638 922 1678 ἓν
955 1638 998 1679 δὲ
1029 1642 1086 1694 τῷ
1117 1645 1350 1694 κατηγορεῖν
1373 1638 1519 1688 αὐτῶν,
1554 1636 1642 1691 ἅμα
1666 1640 1734 1680 καὶ

257 1702 328 1745 τὸν
352 1705 482 1758 δῆμον
503 1706 741 1762 ἐφυβρίζων,
766 1703 958 1756 πολλάκις
974 1705 1185 1763 Βρούτους
1207 1705 1394 1749 ἀπεκάλει
1417 1706 1512 1756 τοὺς
1533 1705 1700 1763 ἄνδρας.

352 1822 371 1855 1
395 1823 599 1877 παρελθεῖν
623 1818 676 1862 εἰς
698 1817 764 1856 τὸν
789 1821 893 1867 βίον]
927 1819 988 1877 ,ει-’ς
1021 1819 1090 1857 τὸν
1123 1823 1208 1869 βίον
1239 1818 1365 1858 ἐλθεῖν
1389 1823 1431 1860 Α.
1459 1864 1469 1876 ’
1499 1865 1508 1878 ἱ
1568 1825 1592 1859 2
1616 1821 1735 1879 αὐτ-ὀὕ

349 1868 775 1958 Ξίριεῖφέῖωιτιὸέῗᾶίσαρα
787 1869 1046 1948 ἷκαθημενος
1076 1881 1131 1903 om
1164 1869 1207 1906 B.
1347 1868 1391 1926 17
1421 1880 1535 1908 ‹xm-ov
1567 1869 1733 1916 βασιλεα]

259 2013 326 2046 lem
350 2024 462 2059 usque
486 2018 635 2050 aetatem
660 2016 822 2050 habuisse
845 2016 1023 2050 scribitur.
1072 2017 1196 2062 aliquis
1229 2019 1343 2051 autem
1377 2028 1422 2052 ex
1445 2017 1632 2053 maioribus
1656 2017 1733 2053 eius

260 2070 302 2092 eo
327 2060 428 2093 modo
453 2068 557 2095 natus
582 2067 844 2106 cognomentum
868 2062 903 2096 id
926 2062 961 2095 in
986 2062 1148 2096 familiam
1173 2063 1390 2108 propagavit.

348 2148 350 2150 v
397 2106 484 2139 Cum
509 2108 693 2152 aliquando
717 2107 913 2142 consulibus
938 2112 975 2142 et
999 2109 1221 2153 praetoribus
1244 2109 1290 2142 ad
1313 2119 1352 2142 se
1374 2107 1634 2151 accedentibus,
1657 2109 1738 2142 toto·

259 2153 384 2184 senatu
408 2152 620 2196 comitante,
654 2166 722 2187 non
747 2154 1015 2197 assurrexisset,
1049 2166 1117 2188 non
1142 2159 1298 2188 senatum
1324 2158 1458 2188 tantum
1483 2154 1544 2188 sed
1568 2153 1731 2199 populum

259 2196 364 2230 etiam
389 2198 551 2243 offendit,
577 2200 677 2244 quasi
702 2212 764 2245 per
787 2204 942 2234 senatum
965 2204 1075 2234 totam
1098 2212 1170 2234 rem
1193 2200 1361 2246 publicam
1376 2200 1537 2234 *ludibrio
1563 2199 1732 2242 haberet;
1803 2233 1806 2238 Δ

261 2254 303 2276 ac
326 2243 484 2287 plerique
509 2246 627 2278 statim
654 2245 774 2279 maesti
797 2251 1028 2282 recesserunt.
1059 2247 1102 2280 ad
1127 2247 1188 2280 has
1213 2246 1363 2279 offensas
1387 2246 1490 2279 etiam
1514 2245 1731 2279 tribunorum
1787 2250 1796 2255 ”

258 2288 370 2332 plebis
395 2290 545 2324 accessit
571 2292 790 2326 contumelia.
839 2303 917 2325 nam
952 2303 1027 2325 curn
1057 2292 1092 2325 in
1122 2293 1213 2325 sesto
1236 2292 1273 2325 in
1295 2291 1379 2325 sella
1402 2302 1509 2325 aurea
1533 2290 1732 2336 triumphali

259 2334 381 2368 habitu
405 2336 567 2377 sederet,
592 2337 763 2371 Antonius
786 2338 906 2371 consul
930 2337 966 2370 in
991 2339 1103 2371 forum
1126 2337 1274 2382 irrupit,
1310 2337 1468 2370 diadema
1489 2337 1586 2370 lauro
1609 2337 1732 2381 imple-

258 2391 338 2414 xum
362 2381 506 2415 Caesari
529 2382 694 2417 offerens.
727 2384 770 2417 ob
797 2395 870 2417 eam
893 2395 965 2417 rem
989 2384 1129 2428 plausus
1144 2383 1243 2416 >haud
1267 2394 1350 2416 sane
1372 2382 1517 2416 illustris
1539 2382 1640 2417 datus
1663 2386 1731 2425 est,

260 2437 279 2459 a
305 2427 504 2461 subornatis
529 2428 741 2462 hominibus:
777 2430 839 2462 sed
874 2440 949 2462 cum
980 2429 1017 2462 id
1042 2430 1172 2463 Caesar
1206 2433 1422 2472 recusasset,
1461 2428 1572 2462 totius
1608 2427 1732 2473 populi

257 2471 412 2515 plausum
437 2473 531 2508 tulit.
580 2474 631 2507 ita
655 2475 709 2507 bis
735 2474 854 2519 populi
877 2475 1008 2508 animos
1032 2479 1197 2519 expertus
1226 2475 1390 2509 surrexit.
1438 2475 1483 2508 ad
1507 2474 1592 2508 haec
1614 2473 1730 2518 regia's

258 2518 384 2551 fascias
405 2519 532 2553 statuis
558 2520 631 2553 eius
654 2520 835 2565 impositas
863 2519 994 2554 tribuni
1028 2521 1139 2564 plebis
1164 2520 1412 2563 detraxerunt,
1443 2524 1482 2563 *et
1503 2531 1564 2554 eos
1588 2519 1648 2563 qui
1670 2530 1730 2553 re-

259 2575 337 2607 gem
361 2564 455 2598 illum
479 2566 678 2599 salutarant
697 2566 733 2599 in
760 2578 932 2600 carcerem
957 2567 1148 2608 duxerunt,
1172 2567 1405 2612 applaudente
1428 2566 1555 2611 populo
1581 2569 1618 2598 et
1641 2564 1746 2598 Bru·v
1795 2584 1807 2593 ··

260 2615 317 2642 tos
341 2622 401 2643 eos
425 2611 632 2656 appellante.
681 2616 720 2645 ut
745 2613 833 2646 enim
857 2623 963 2658 supra
987 2616 1042 2646 est
1064 2612 1273 2656 expositum,
1297 2613 1428 2647 Brutus
1450 2611 1560 2656 pulsis
1578 2610 1732 2655 Tarqui—

261 2654 329 2687 niis
352 2657 571 2690 monarchiae
594 2663 804 2702 potestatem
829 2658 871 2691 ad
894 2658 1056 2703 populum
1078 2657 1271 2691 transtulit.
1320 2658 1447 2703 quibus
1469 2658 1574 2691 rebus
1597 2656 1731 2690 Caesar

259 2699 416 2735 irritatus
439 2702 597 2736 tribunos
620 2708 798 2749 potestate
823 2703 990 2748 privavit,
1014 2707 1050 2737 et
1073 2714 1133 2737 eos
1157 2703 1313 2748 graviter
1336 2704 1534 2749 increpanS,
1558 2701 1593 2736 in
1608 2701 1730 2748 populi
1780 2735 1783 2742 ,

259 2745 367 2780 etiam
390 2748 642 2792 contumeliam,
665 2750 785 2784 brutos
807 2760 913 2795 saepe
933 2750 1131 2796 appellavit.
