1820 3120
262 126 363 174 496
737 122 966 167 IOANNIS
1001 122 1265 167 ZONARAE

207 247 237 283 Β
261 244 334 284 τοῦ
356 234 600 294 Αὐγούστου
625 237 814 296 πολυετίᾳ
826 268 838 288 ,
879 234 942 279 ὅτι
965 235 1054 279 οὔτ’
1081 236 1227 286 ἐκεῖνος
1249 233 1427 292 ἓφιλήθη
1450 233 1501 278 ὧν
1524 235 1562 286 εἰ
1582 233 1737 279 ἐλάττω

257 307 406 364 χρόνον
441 304 587 360 ε’ζήκει,
623 305 713 348 οὔτ’
748 304 799 347 ἂν
830 298 948 354 οὗτος
982 307 1017 347 εἰ
1047 305 1231 346 πλείονα·
1267 302 1288 346 ὁ
1313 305 1388 358 μὲν
1409 302 1749 361 ὅτιτραχῦτερος

259 376 352 418 κατ’
380 375 510 431 ἀρχὰς
534 373 601 416 διὰ
627 374 722 424 τοὺς
745 374 946 427 πολέμους
964 374 1030 414 καὶ
1049 372 1123 424 τὰς
1139 371 1301 422 στάσεις
1319 370 1530 428 γενόμενος
1546 371 1736 428 ἠδυνήθη

256 444 360 499 μετὰ
394 448 523 486 ταῦτα
557 442 799 498 εὐεργεσίαις
831 443 872 484 ἐν
903 445 961 499 τῷ
997 442 1247 498 πολυχρονίῳ
1271 439 1610 496 λαμπρύνεσθαι,
1643 439 1666 484 ὅ
1691 441 1734 483 δ’

259 511 322 555 ὅτι
353 513 534 561 ἐπιεικῶς
567 510 695 566 ἄρξας
727 512 769 552 ἓν
798 510 909 566 ἀκμῇ
942 513 1014 564 τῆς
1048 508 1168 564 δόξης
1191 509 1396 560 ἀπέθανε,
1430 506 1528 564 τάχ’
1555 507 1772 565 ἄν’ἔλεγ-Ξ)

253 582 397 636 χθείς,
434 580 473 623 εἴ
500 596 543 635 γε
575 580 671 632 ἐβίω
703 579 765 620 ἐπὶ
799 575 972 635 μακρόν,
1009 576 1070 620 ὅτι
1103 578 1266 637 εὐτυχίᾳ
1297 578 1447 620 πλείονι
1477 576 1677 635 ἐχρήσατο
1710 575 1737 633 ἢ

260 649 399 705 ἀρετῇ.
469 646 559 691 οὔτε
591 647 638 689 δέ
669 664 758 689 τινα
791 651 870 690 τῶν
902 649 1134 700 βουλευτῶν
1157 647 1198 688 ἓν
1221 649 1272 702 τῇ
1295 645 1422 688 αὐτοῦ
1443 643 1636 706 ἡγεμονίᾳ
1658 645 1741 688 οἷπ-

261 717 405 760 έκτεινε
418 748 431 767 ,
467 718 533 758 καὶ
558 714 780 772 γράμματα
805 715 971 770 ἐξέθηκε
994 718 1174 769 βεβαιῶν
1197 713 1329 757 πάντα
1353 713 1404 757 τὰ
1428 711 1507 757 ὖπὸ
1531 718 1612 758 τῶν
1636 711 1739 771 πρό-

261 802 378 841 τερον
403 782 713 841 αὐτοκρατόρων
737 785 913 826 δοθέντα
936 785 1052 825 τισίν.
1119 778 1169 838 ἦν
1201 783 1245 825 δὲ
1278 784 1366 840 περὶ
1395 780 1591 839 χρήματα
1623 782 1742 839 ἀκρι-

259 854 341 908 βὴς
375 854 443 894 καὶ
480 853 527 895 οὗ
562 851 696 907 μάτην
732 850 968 908 ἀνήλισκεν·
1016 851 1160 894 οὐδένα
1194 851 1331 905 μέντοι
1366 852 1462 894 ποτὲ
1502 851 1572 894 διὰ
1611 856 1799 894 ταῦταΙθ

262 919 465 964 ἐκόλασεν.

210 989 241 1024 0
398 989 487 1030 Ἐπὶ
511 986 655 1031 τούτου
680 987 746 1029 καὶ
771 985 792 1030 ὃ
822 987 1082 1043 Ψευὸονέρων
1106 984 1249 1043 ἐφάνη,
1285 985 1330 1037 ὃς
1349 986 1535 1037 Ἀσιανός
1557 981 1623 1043 ἦν,
1646 987 1744 1030 ἕκα-

264 1062 368 1100 λεῖτο
394 1058 438 1099 δὲ
464 1057 674 1112 Τερέντιος
697 1054 916 1109 Μάξιμος,
951 1055 1199 1112 προσεοικὼς
1234 1056 1279 1097 δὲ
1314 1059 1372 1114 τῷ
1403 1055 1562 1112 Νέρωνι
1595 1056 1663 1098 καὶ
1695 1055 1752 1114 τὸ,

267 1125 372 1176 εἶδος
394 1127 460 1168 καὶ
485 1126 557 1179 τὴν
581 1123 719 1181 φωνήν
735 1138 746 1148 ·
777 1126 844 1166 καὶ
867 1124 945 1180 γὰρ
970 1126 1036 1166 καὶ
1061 1122 1320 1181 ἕκιθαρῴδει.
1388 1123 1431 1166 ἔκ
1453 1141 1496 1166 τε
1518 1128 1591 1179 τῆς
1607 1123 1744 1174 Ἀσίας

264 1194 376 1245 τινὰς
408 1191 755 1250 προσεποιήσατο,
798 1194 864 1234 καὶ
899 1194 962 1234 ἐπὶ
992 1192 1062 1234 τὸν
1093 1191 1316 1248 Εὐφράτην
1351 1195 1742 1250 προχωρῶνπολλῷ
1754 1193 1800 1229 15

263 1264 424 1312 πλείους
447 1260 716 1318 ἀνηρτήσατο,
742 1263 809 1303 καὶ
832 1261 944 1311 τέλος
967 1261 1069 1316 πρὸς
1087 1259 1336 1317 Ἀρτάβανον
1359 1260 1429 1303 τὸν
1451 1265 1532 1304 τῶν
1550 1259 1744 1318 Πάρθων

264 1331 487 1388 κατέφυγεν
511 1328 711 1387 ἀρχηγόν·
748 1329 793 1379 ὃς
823 1331 888 1371 καὶ
924 1330 982 1370 δι’
1010 1330 1134 1385 ὀργῆς
1156 1328 1225 1371 τὸν
1251 1330 1374 1372 Τίτον
1396 1327 1750 1384 ποιούμενος·ἒδέ-’

266 1403 364 1450 ξατο
388 1403 531 1442 τοῦτον
554 1400 621 1440 καὶ
645 1403 884 1453 καταγαγεῖν
907 1400 963 1447 εἷς
979 1395 1139 1451 Ῥώμην
1166 1396 1495 1453 παρεσκευάζετο.

399 1467 468 1509 Ἐν
505 1468 548 1509 δὲ
583 1470 643 1524 τῷ
678 1464 824 1523 πρώτῳ
859 1469 933 1519 τῆς
967 1464 1182 1521 ἡγεμονίας
1212 1470 1286 1507 τοῦ
1319 1467 1443 1508 Τίτου
1477 1465 1554 1508 ἔτει
1587 1468 1668 1522 πῦρ
1703 1465 1745 1507 ἓν

270 1536 495 1595 Καμπανίᾳ
517 1535 619 1576 πολὺ
645 1535 748 1577 κατὰ
774 1533 819 1576 τὸ
845 1532 1108 1591 φθινόπωρον
1132 1532 1290 1590 ἀθρόον
1313 1533 1524 1589 ἐξήνθησε.
1593 1533 1639 1576 τὸ
1665 1532 1820 1591 γάρΞΟῙ

213 1606 246 1642 D
272 1603 366 1662 ὅρος
401 1603 446 1647 τὸ
481 1604 670 1658 Βέσβιον,
711 1602 814 1644 κατὰ
849 1602 961 1645 Νέαν
998 1601 1044 1645 ὃν
1078 1600 1209 1654 πόλιν,
1250 1602 1330 1657 ἔχει
1365 1602 1494 1660 πυρὸς
1527 1600 1745 1660 ἀφθόνους
1790 1599 1792 1602 ’

359 1743 382 1779 3
406 1738 472 1777 διαὶ
496 1738 564 1782 τὰς
589 1738 732 1780 στάσεις
753 1738 818 1775 καὶ
840 1737 928 1781 τοὺς
949 1739 1133 1797 πολέμους
1152 1740 1195 1778 A.
1334 1742 1359 1778 4
1382 1737 1599 1786 εὐεργεσίαις
1619 1752 1675 1776 om
1697 1740 1742 1778 A.

361 1789 385 1824 8
406 1786 598 1831 προτέρων
622 1787 834 1833 Xiphilinus.
975 1787 997 1823 9
1021 1799 1068 1830 ην
1092 1784 1135 1821 δὲ
1158 1807 1205 1812 -
1229 1787 1271 1822 11
1297 1782 1468 1824 ἐκόλασεν
1491 1799 1546 1822 om
1569 1787 1636 1822 Dio
1665 1798 1743 1825 exc.

364 1836 409 1871 10
433 1831 523 1869 ποτὲ
557 1830 621 1867 διὰ
653 1834 771 1868 ταῦτα
806 1829 979 1866 ἐκόλασεν
1002 1833 1084 1875 ΑΒ,
1121 1829 1186 1867 διὰ
1218 1834 1337 1868 ταῦτα
1367 1830 1517 1868 findamus}
1539 1843 1630 1867 ποτε
1653 1832 1744 1871 PW.

363 1881 408 1915 12
425 1877 513 1914 Ἐπὶ
546 1876 681 1914 τούτου
715 1899 763 1904 -
798 1878 843 1913 18
863 1876 1154 1921 παρεσκευάζετο
1183 1891 1237 1914 om
1262 1880 1328 1914 Dio
1352 1890 1427 1916 exc.
1612 1878 1657 1912 14
1681 1877 1747 1913 καὶ

363 1931 444 1962 ante
466 1922 614 1970 ἐκιθαρ.
640 1937 695 1959 om
718 1925 795 1961 Ac.
891 1924 932 1959 17
961 1920 1130 1968 ἐδέξατο]
1155 1924 1218 1959 καὶ
1241 1923 1392 1967 ἐδέξατο
1417 1926 1458 1960 Α.
1550 1924 1596 1960 19
1615 1921 1679 1959 Ἐν
1701 1919 1746 1959 δὲ

359 1972 414 2019 τῷ
436 1968 568 2016 πρώτῳ
594 1991 642 1997 —
665 1968 737 2005 ἔτει
763 1982 818 2005 om
841 1970 910 2005 Dio
936 1981 1013 2006 exc.
1151 1971 1219 2005 τοῦ
1244 1971 1370 2017 Τίτου]
1397 1967 1516 2006 αὐτοῦ
1537 1973 1580 2006 Α.

267 2106 376 2140 quare
401 2105 477 2128 cum
501 2092 738 2138 longaevitate
761 2093 915 2139 Augusti
938 2098 1168 2138 comparatur,
1194 2093 1285 2138 quod
1308 2105 1374 2128 nec
1396 2093 1428 2128 is
1450 2093 1634 2134 adamatus*
1653 2096 1747 2131 esset

266 2141 296 2175 si
320 2141 503 2186 pauciores
526 2151 635 2174 annos
660 2139 825 2182 vixisset,
860 2151 925 2173 nec
957 2139 1015 2173 hic
1046 2139 1076 2173 si
1101 2140 1237 2185 plures:
1271 2139 1364 2184 quod
1387 2139 1445 2173 ine
1467 2140 1639 2185 principio
1662 2151 1746 2184 pro·

264 2192 345 2232 pter
378 2187 473 2221 bella
504 2191 541 2220 et
566 2186 755 2220 seditiones
780 2186 940 2231 asperior
964 2185 1066 2229 longo
1091 2186 1152 2220 ino
1178 2185 1293 2231 spatio
1318 2185 1547 2220 beneficentia
1568 2185 1745 2229 inclaruit,

264 2233 321 2266 hic
343 2233 520 2266 moderate
543 2237 643 2276 gesto
669 2231 811 2277 imperio
838 2231 873 2265 in
898 2232 974 2276 ipso
999 2231 1132 2275 gloriae
1155 2231 1299 2276 fastigio
1325 2231 1499 2265 decessit:
1523 2231 1616 2277 quod
1636 2231 1668 2264 si
1685 2231 1745 2265 diu

264 2278 432 2321 vixisset,
469 2277 605 2312 crimini
638 2277 714 2310 dari
744 2278 836 2311 forte
867 2277 1041 2323 potuisset
1075 2288 1152 2312 eum
1177 2277 1298 2311 maiori
1322 2277 1463 2311 fortuna
1486 2289 1588 2322 quam
1612 2276 1744 2311 virtute

265 2335 363 2358 usum
388 2324 510 2358 fuisse.
559 2323 596 2356 in
629 2323 830 2369 principatu
859 2335 921 2357 suo
954 2324 1082 2357 nullum
1107 2329 1306 2357 senatorem
1330 2323 1475 2356 occidit:
1512 2322 1698 2367 privilegia
1722 2333 1744 2356 a

265 2369 505 2415 superioribus
540 2369 810 2414 imperatoribus
843 2380 1011 2403 concessa
1034 2369 1160 2403 litteris
1185 2368 1325 2414 publice
1349 2369 1539 2413 propositis
1563 2369 1744 2403 confirma-

263 2416 332 2450 vit.
365 2415 544 2461 pecuniam
569 2421 731 2449 accurate
757 2415 983 2449 conservavit
1005 2426 1069 2448 nec
1092 2422 1222 2450 temere
1243 2415 1474 2460 consumpsit3
1499 2426 1613 2460 neque
1628 2420 1744 2448 tamen

266 2472 460 2507 quenquam
485 2472 529 2495 ex
552 2461 703 2494 avaritia
726 2461 895 2506 supplicio
920 2460 1053 2494 affecit.

405 2507 479 2540 Sub
515 2518 555 2540 eo
586 2506 813 2541 Pseudonero
849 2506 1005 2548 exstitit,
1047 2506 1147 2540 homo
1181 2505 1351 2548 Asianus,
1387 2505 1524 2540 nomine
1555 2505 1746 2540 Terentius

266 2552 453 2594 Maximus,
477 2552 614 2586 Neroni
639 2558 676 2586 et
700 2553 792 2586 facie
819 2557 855 2586 et
879 2564 964 2586 voce
989 2552 1130 2585 similis:
1165 2562 1241 2585 nam
1265 2551 1308 2585 ad
1333 2551 1500 2586 citharam
1525 2562 1663 2596 quoque
1687 2563 1747 2586 ca-

269 2599 388 2631 nebat.
436 2598 467 2631 is
500 2602 701 2643 comparata
735 2599 769 2632 in
802 2599 887 2632 Asia
918 2597 1093 2641 factione,
1128 2602 1165 2631 et
1196 2598 1240 2630 ad
1274 2597 1489 2642 Euphratem
1522 2608 1744 2643 progressus,

268 2654 371 2677 manu
394 2643 496 2688 longe
523 2645 654 2678 maiore
680 2644 791 2686 sacta,
815 2643 964 2688 denique
988 2644 1031 2677 ad
1055 2644 1268 2678 Artabanum
1293 2644 1499 2677 Parthorum
1523 2654 1639 2688 regem
1663 2654 1751 2677 con-

268 2688 373 2733 fugit.
420 2690 478 2733 qui
503 2689 589 2723 'rito
613 2690 725 2724 iratus
753 2690 846 2724 illum
870 2696 1047 2734 receptum
1073 2690 1213 2723 Romam
1237 2688 1405 2723 reducere
1430 2689 1596 2723 instituit.

408 2735 522 2769 Primo
547 2747 637 2769 anno
662 2736 881 2782 principatus
906 2735 984 2769 Titi
1003 2735 1068 2769 sub
1092 2739 1291 2769 autumnum
1314 2735 1430 2769 subito
1448 2734 1571 2779 ingens
1587 2734 1625 2768 in
1641 2734 1747 2767 Cam-

268 2778 374 2826 pania
408 2779 602 2816 incendium
634 2782 784 2817 exstitit.
831 2781 1007 2816 Vesuvius
1045 2781 1137 2815 enim
1179 2791 1277 2815 mons
1321 2781 1420 2816 iuxta
1452 2779 1625 2826 Neapolin
1657 2779 1746 2814 situs
