1820 3120
274 106 375 154 402
757 83 982 147 IOANNIS
1016 101 1280 146 zoNARAE

273 238 358 265 νιον
391 217 626 277 φοβουμένη
659 213 913 274 ὖπειληφότα
944 215 1221 273 προδίδοσθαι
1251 215 1352 272 παρ’
1389 215 1528 272 αὐτῆς.
1596 212 1672 260 δῦο
1705 216 1751 260 δὲ

272 285 378 345 ἦσαν
400 288 485 329 ἐκεῖ
500 286 575 329 σὺν
598 285 703 342 αὐτῇ
723 282 972 342 θεράπαιναι
994 285 1061 326 καὶ
1085 284 1274 339 εὖνοῦχος
1295 281 1366 335 εἷς.
1433 286 1678 329 εἷσελθοῦσα
1703 285 1752 328 δὲ

273 358 348 407 τὰς
371 356 445 411 μὲν
466 353 601 412 θύρας
624 354 872 397 κατέκλεισεν
895 356 1112 410 ἀσφαλῶς,
1146 353 1249 410 πρὸς
1272 353 1317 395 δὲ
1338 353 1408 396 τὸν
1424 350 1634 398 Ἀντώνιον
1653 353 1753 405 τοὺς

274 426 601 481 ἀπαγγελοῦντας
622 422 800 478 ἔπεμψεν
823 420 884 465 ὅτι
907 422 1112 477 τέθνηκεν.
1171 420 1390 472 πιστεύσας
1411 421 1454 464 δ’
1479 421 1648 476 ἐκεῖνος,
1671 423 1752 466 τινὶ

271 498 353 538 τῶν
374 491 587 550 παρόντων
611 492 828 547 ἐπέτρεψεν
851 491 1081 533 ἀποκτεῖναι
1105 488 1242 533 αὐτόν.
1312 489 1368 541 ὥς
1397 490 1439 533 δ’
1474 491 1620 542 ἐκεῖνος
1640 492 1784 535 ἀπα-5

273 560 448 617 σάμενος
469 561 515 604 τὸ
540 562 655 618 ξίφος
678 558 822 602 ἑαυτὸν
847 557 1154 616 κατειργάσατο,
1183 553 1333 615 “εῧγε”
1361 553 1466 602 εἶπεν
1493 553 1559 602 “03
1583 557 1748 616 Ἔρως”

275 632 410 686 (τοῦτο
434 631 512 687 γὰρ
536 624 585 684 ἦν
608 628 737 683 ὄνομα
760 632 819 686 τῷ
842 627 1070 685 ἀνθρώπῳ)
1100 625 1193 669 “ὃ’τι
1225 644 1277 682 με
1310 627 1354 671 τί
1374 627 1459 686 χρὴ
1481 626 1752 677 meermanni-

223 709 253 743 C
278 699 429 751 σκεις,”
455 700 522 740 καὶ
545 696 699 752 πλήξας
721 695 865 739 ἑαυτὸν
889 696 957 738 διὰ
980 701 1053 750 τῆς
1075 697 1229 746 κοιλίας
1251 698 1307 748 εἰς
1329 695 1402 751 τὴν
1424 697 1559 752 κλίνην
1581 696 1753 754 ἀφῆκεν.

263 764 324 823 -ἦν
349 769 393 810 δὲ
417 767 488 809 οὒκ
514 764 803 816 εὐθυθάνατος
824 763 850 820 ἡ
878 763 1025 820 πληγή.
1081 763 1270 821 θορύβου
1297 765 1341 807 δὲ
1361 765 1574 821 γενομένου
1597 764 1751 822 ᾔσθετο

271 836 297 892 ἦ
323 835 591 890 Κλεοπάτρα,
636 835 703 876 καὶ
726 834 800 884 τὰς
823 834 896 889 μὲν
918 832 1058 890 θύρας
1081 834 1154 876 οὐκ
1179 823 1361 892 ἀνέῳξεν;
1396 833 1558 877 ἄνωθεν
1581 834 1628 877 δὲ
1649 837 1782 892 προ-1

272 903 443 959 κύψασα
467 902 597 958 (οὔπω
628 902 706 959 γὰρ
738 903 790 945 τὰ
822 903 925 960 πρὸς
954 907 1005 959 τῇ
1036 903 1438 960 ὀροφῇ.ἐξείργαστο)
1463 903 1530 946 καὶ
1544 898 1752 957 μαθοῦσα

271 973 318 1016 τὸ
339 971 519 1029 γεγονός,
544 973 716 1026 κομίζειν
741 967 871 1014 αὐτὸν
888 973 928 1020 ἐς
950 971 1019 1013 τὸν
1041 969 1172 1027 τάφον
1194 971 1386 1014 ἐκέλευσε.
1418 971 1540 1027 γνοὺς
1557 971 1601 1014 δὲ
1617 971 1754 1014 κάκεῖ·-

272 1059 343 1093 νος
375 1041 432 1084 ἔτι
464 1043 596 1094 ζιῦσαν
627 1038 769 1093 αὐτήν,
805 1037 1022 1096 παρεκάλει
1045 1043 1296 1095 κομισθῆναι
1318 1041 1415 1092 ἐκεῖ,
1450 1042 1518 1082 καὶ
1539 1041 1754 1096 κομισθεὶς

275 1116 428 1166 σειραῖς
446 1112 511 1152 καὶ
530 1110 746 1159 καλωδίοις
762 1108 960 1151 ἀνείλκετο
980 1108 1082 1164 παρ’
1108 1109 1234 1163 αὐτῆς
1255 1110 1324 1151 καὶ
1346 1113 1427 1152 τῶν
1449 1110 1752 1166 θεραπαινίδων

275 1180 442 1237 ἀμφοῖν.
512 1178 708 1232 δεξαμένη
742 1178 786 1219 δὲ
818 1177 942 1220 αὐτὸν
975 1179 1116 1231 αἵματι
1148 1177 1406 1235 πεφυρμένον
1436 1179 1504 1220 καὶ
1537 1179 1752 1220 δυσθανα-
1763 1175 1810 1216 15

273 1252 449 1299 τοῦντα,
494 1247 590 1296 τοὺς
624 1247 801 1297 πέπλους
835 1245 1123 1303 περιερρήξατο
1163 1246 1230 1288 ἐπ’
1270 1246 1384 1305 αὐτῷ
1418 1247 1486 1289 καὶ
1520 1245 1574 1289 τὰ
1607 1246 1755 1304 στέρνα

276 1315 418 1359 ἔτυπτε
442 1317 509 1358 καὶ
541 1314 843 1372 κατεσπάραττε
875 1321 964 1365 ταῖς
989 1316 1142 1370 χερσίν.
1211 1312 1233 1357 ὃ
1265 1316 1310 1357 δὲ
1344 1312 1450 1358 οἶνον
1480 1319 1582 1358 πιεῖν
1613 1314 1753 1372 ᾔτησε,

222 1398 255 1432 D
282 1387 349 1427 καὶ
372 1383 475 1427 πιὼν
498 1385 570 1426 καί
587 1401 677 1426 τινα
699 1382 900 1439 ὁμιλήσας
930 1387 980 1440 τῇ
1004 1380 1251 1443 Κλεοπάτρᾳ
1281 1383 1444 1434 ἐξέλιπε.
1513 1385 1679 1442 Καῖσαρ
1711 1383 1756 1426 δὲ

274 1453 541 1509 ἀγγελθέντος
565 1452 676 1510 αὐτῷ
707 1457 780 1494 τοῦ
812 1450 998 1494 θανάτου
1032 1457 1107 1495 τοῦ
1133 1453 1344 1495 Ἀντωνίου
1369 1450 1650 1510 ἀπεδάκρυσε,
1686 1453 1754 1495 καὶ

273 1522 349 1572 τὰς
371 1521 585 1571 ἐπιστολὰς
606 1521 757 1563 ἐκείνου
779 1527 864 1570 τοῖς
886 1521 1019 1578 φίλοις
1043 1518 1326 1576 ἀναγινώσκων
1349 1522 1633 1577 κατεγίνωσκεν
1655 1519 1811 1564 {av-²0

272 1594 347 1632 τοῦ
355 1622 370 1642 ,
405 1588 460 1640 ὥς
482 1587 715 1645 εὐγνώμονα
739 1592 946 1640 αἰτοῦντος
970 1591 1119 1632 ἐκείνου
1142 1591 1210 1632 καὶ
1237 1591 1396 1643 δίκαια,
1432 1590 1560 1633 αὐτοῦ
1582 1591 1627 1633 δὲ
1649 1606 1755 1648 φορ-
1819 1603 1820 1622 ³

272 1663 394 1709 τικῶς
415 1661 482 1702 καὶ
504 1656 775 1715 ὑπερηφάνως
796 1658 898 1716 πρὸς
921 1659 996 1709 τὰς
1019 1659 1249 1716 ἀποκρίσεις
1271 1659 1537 1714 διακειμένου.

364 1832 388 1867 2
411 1827 478 1866 σὺν
506 1827 603 1878 αὐτῇ
626 1843 678 1867 om
703 1833 746 1869 O.
931 1833 955 1869 4
978 1829 1037 1867 ὅτι
1059 1830 1245 1878 τέθνηκεν
1276 1852 1323 1860 ——-
1354 1834 1376 1867 5
1399 1827 1600 1879 ἐπέτρεψεν
1629 1844 1683 1868 om
1707 1833 1750 1868 B.

364 1878 719 1968 ἰὲυῗεορὲτιῖὶιέινὲδωυ
742 1874 903 1923 ἀμφοῖν]
930 1876 1000 1913 δύο
1024 1879 1309 1923 θεραπαινίδων
1331 1876 1447 1924 αὐτῆς
1460 1879 1503 1916 Α.
1598 1875 1752 1915 winst-

275 2084 312 2115 et
335 2092 404 2115 uno
429 2081 585 2115 eunucho
608 2081 737 2125 subiit,
773 2082 874 2127 quasi
898 2081 1085 2116 Antonium
1119 2081 1261 2116 timeret
1291 2080 1353 2127 qui
1384 2093 1423 2116 se
1458 2083 1503 2116 ab
1538 2081 1616 2128 ipsa
1649 2081 1754 2128 prodi

273 2130 438 2173 putaret:
463 2130 501 2160 et
519 2127 625 2161 ianua
648 2128 836 2172 diligenter
860 2128 976 2162 clausa
997 2129 1040 2162 ad
1065 2128 1159 2163 illum
1183 2127 1278 2162 misit
1298 2127 1359 2173 qui
1375 2127 1408 2162 ei
1425 2127 1628 2163 nuntiarent
1641 2129 1754 2174 ipsam

275 2184 353 2207 esse
377 2178 556 2207 mortuam.
606 2174 699 2217 quod
723 2185 799 2208 cum
824 2175 987 2208 crederet
1009 2175 1197 2217 Antonius,
1223 2185 1262 2208 se
1285 2184 1307 2208 a
1356 2173 1476 2208 nodam
1500 2173 1613 2208 occidi
1635 2174 1752 2209 iussit.

274 2223 315 2253 ut
345 2230 430 2252 vero
465 2219 523 2252 ille
547 2219 673 2252 stricto
705 2220 822 2264 gladio
844 2221 1077 2265 semetipsum
1109 2219 1307 2264 interfecit,
1352 2216 1465 2254 ‘recte
1488 2216 1602 2255 vero”
1623 2220 1753 2266 inquit,

269 2261 425 2299 “Eros''
452 2265 504 2308 (id
522 2265 611 2298 enim
629 2265 756 2299 homini
774 2271 851 2300 erat
868 2268 1008 2308 nomen)
1029 2262 1138 2312 “quid
1162 2266 1208 2300 sit
1231 2266 1401 2310 agendum
1427 2277 1479 2300 me
1503 2263 1650 2300 doces''=
1674 2267 1753 2301 illa-

275 2314 384 2355 toque
406 2311 443 2344 in
470 2317 623 2345 ventrem
647 2312 721 2345 ictu
746 2324 813 2346 non
838 2314 957 2347 statim
984 2312 1133 2357 letifero,
1158 2312 1282 2346 lectulo
1306 2313 1475 2350 incubuit.
1500 2312 1651 2347 tumultu
1673 2316 1752 2346 orto

274 2356 466 2402 Cleopatra
496 2359 591 2391 fores
625 2369 694 2391 non
726 2358 887 2402 aperuit,
933 2359 995 2392 sed
1028 2369 1179 2404 superne
1234 2363 1438 2402 respectans
1469 2358 1631 2402 (necdum
1661 2358 1753 2393 enim

274 2406 406 2436 tectum
431 2403 627 2437 absolutum
653 2405 750 2447 erat)
774 2415 814 2437 eo
838 2404 992 2443 facinore
1016 2405 1157 2449 cognito
1180 2403 1202 2437 il
1218 2415 1272 2438 um
1294 2404 1331 2437 in
1356 2408 1612 2438 monumentum
1628 2403 1754 2439 inferri

275 2449 392 2482 iussit.
440 2449 501 2493 qui
524 2460 600 2483 cum
625 2461 700 2483 eam
724 2450 847 2484 vivere
871 2451 1115 2494 cognovisset,
1149 2454 1188 2484 ut
1216 2449 1260 2483 ad
1292 2461 1366 2484 eam
1398 2455 1600 2495 portaretur
1624 2451 1753 2486 oravit.

276 2505 352 2528 cum
377 2494 502 2528 allatus
526 2500 639 2539 esset,
669 2496 803 2530 catenis
829 2501 865 2530 et
888 2497 1031 2531 funibus
1055 2497 1098 2530 ab
1122 2507 1163 2530 ea
1189 2499 1225 2529 et
1248 2497 1414 2530 ambabus
1440 2496 1574 2530 ancillis
1598 2497 1755 2531 attrahe—

275 2540 392 2574 batur.
440 2551 540 2584 quem
566 2542 626 2574 ubi
650 2548 870 2576 cruentatum
897 2549 932 2576 et
956 2543 1192 2577 moribundum
1216 2543 1377 2587 accepit,
1402 2547 1519 2576 vestes
1543 2553 1623 2577 suas
1647 2541 1754 2576 scidit

278 2590 316 2619 et
338 2590 464 2630 pectus
485 2587 641 2621 manibus
665 2588 802 2633 planxit
825 2599 866 2622 ac
891 2600 929 2622 se
952 2588 1133 2622 laceravit.
1162 2592 1200 2621 at
1222 2587 1282 2622 ille
1304 2587 1388 2622 vino
1413 2588 1585 2634 postulato
1599 2588 1756 2622 hausto-

279 2642 362 2675 que,
395 2633 557 2666 nonnulla
585 2644 660 2667 cum
687 2634 829 2668 muliere
853 2635 1042 2668 collocutus
1066 2633 1271 2679 exspiravit.
1322 2635 1455 2668 Caesar
1476 2633 1618 2668 Antonii
1641 2638 1754 2669 morte

278 2676 438 2710 nuntiata
468 2679 710 2721 illacrimavit3
747 2685 784 2714 et
805 2680 942 2714 litteras
965 2680 1040 2714 eius
1062 2679 1184 2714 amicis
1206 2680 1359 2715 recitans
1382 2680 1535 2726 seipsum
1559 2679 1751 2724 damnavit,

277 2722 371 2766 quod
403 2723 453 2802 nii
486 2735 597 2770 aequa
631 2730 668 2760 et
698 2726 792 2761 iusta
823 2725 1017 2772 postulanti
1051 2731 1258 2771 arroganter
1293 2731 1331 2762 et
1362 2727 1513 2772 superbe
1547 2736 1751 2773 responsum

277 2778 424 2812 negasse
446 2794 455 2804 .

1441 2887 1460 2909 ἢ
