1820 3120
279 120 376 165 226
754 117 978 160 lOANNlS
1002 117 1258 160 ZONARAE

277 233 453 288 ὁρμῆσαι
475 229 544 271 τὸν
567 228 736 285 Νέρωνα
760 230 969 286 ἐλογίζετο)
1003 229 1100 285 ἔγνω
1125 228 1224 285 πρὸς
1248 228 1343 278 τοὺς
1364 226 1553 280 Γαλάτας
1575 229 1734 272 ἀπανα-

271 302 457 355 χωρῆσαι
491 298 558 339 καὶ
591 296 674 339 ἐκεῖ
701 297 751 340 τὰ
783 300 873 355 περὶ
902 298 972 341 τὸν
1004 297 1180 353 ἀδελφὸν
1203 293 1516 353 ἀκριβώσασθαι
1539 298 1606 340 καὶ
1629 295 1734 340 οὕτω

279 365 382 408 κατὰ
404 365 552 419 σχολὴν
573 369 812 420 πολεμῆσαι.

227 444 256 477 Β
413 435 496 475 Καὶ
531 431 553 476 ὁ
582 434 656 487 μὲν
689 434 955 490 παραγγείλας
983 435 1042 489 τῷ
1063 429 1332 487 στρατεύματι
1356 431 1574 486 ἀναστῆναι
1590 431 1736 482 ’νυκτὸς

278 503 442 558 ἀπῆρεν,
478 501 516 543 οἳ
547 501 589 543 δ’
625 501 771 544 ὕπατοι
796 503 838 544 ἐκ
862 505 933 543 τοῦ
956 497 1142 556 θορύβου
1164 497 1427 542 ὗπῶπτευσαν
1448 498 1494 541 τὸ
1517 497 1768 555 γινόμενον,5

278 570 325 613 οὗ
348 570 483 623 μέντοι
508 569 632 620 εὐθὺς
657 568 901 623 ἐκινήθησαν
926 568 994 610 διὰ
1019 567 1065 609 τὸ
1090 565 1244 618 σκότος.
1309 566 1397 622 ἅμα
1421 567 1466 610 δ’
1491 566 1565 622 ηὀῒ
1579 565 1672 618 τούς
1693 584 1736 611 τε

277 639 420 687 ἱππέας
453 638 718 693 προέπεμψαν
749 637 955 687 ἐπιδιῶξαι
987 635 1154 687 αὐτούς,
1189 637 1256 678 καὶ
1287 636 1400 678 αὐτοὶ
1433 631 1630 679 t‘i‘novw.¹
1669 637 1736 678 καὶ

276 710 348 748 τοῦ
374 704 622 762 Ἀσδρούβου
655 711 738 755 τοΐς
761 705 943 747 ἱππεῦσιν
967 704 1278 758 ἀντιταξαμένου
1302 701 1357 754 ὥς
1377 702 1522 759 μόνοις
1538 697 1664 755 οὖσιν,
1699 703 1737 746 οἶ

1818 417 1820 465 l

276 774 421 816 ὕπατοι
445 771 679 823 ἐπελθόντες
701 773 853 830 τροπὴν
880 773 1005 816 αὐτοῦ
1027 771 1277 826 ἐποιήσαντο,
1312 773 1378 814 καὶ
1402 770 1616 829 φεύγουσιν
1637 772 1737 814 ἐπα-

275 841 600 896 κολουθήσαντες
622 842 796 892 πολλοὺς
818 840 1050 898 ἐφόνευσαν.
1096 843 1161 882 καὶ
1187 839 1277 883 οὐδ’
1307 840 1344 883 οἳ
1367 841 1578 898 ἐλέφαντες
1599 839 1736 890 αὐτοῖς
1748 846 1792 882 10

278 907 535 964 ἐβοήθησαν·
582 908 643 951 ὅτι
673 908 750 966 γάρ
786 927 888 959 τινες
921 909 1052 952 αὐτῶν
1083 908 1448 964 τραυματισθέντες
1482 908 1586 951 κακὰ
1613 909 1735 952 πλείω

278 978 371 1027 τοὺς
404 978 729 1033 ἐπιτεταγμένους
759 979 898 1034 σφίσιν
930 977 1057 1032 ἔδρων
1087 976 1112 1030 ἢ
1141 977 1178 1019 οἳ
1201 977 1382 1031 πολέμιοι
1389 1008 1404 1029 ,
1433 975 1692 1034 παρήγγειλεν
1714 974 1736 1018 ὅ

225 1055 253 1088 G
272 1044 523 1102 Ἀσδρούβας
555 1053 637 1095 τοῖς
668 1046 733 1088 ἐπ’
761 1046 892 1088 αὐτῶν
916 1044 1162 1099 καθημένοις
1183 1045 1277 1095 τοὺς
1298 1045 1636 1102 τιτρωσκομένους
1657 1047 1737 1087 τῶν

274 1115 431 1170 θηρίων
454 1115 679 1170 παραυτίκα
703 1112 888 1171 σφάζειν·
929 1113 1057 1172 ῥᾷστα
1092 1114 1134 1155 δὲ
1165 1114 1332 1172 σιδηρίῳ
1364 1115 1450 1169 τινὶΙ
1471 1110 1550 1156 ὑπὸ
1584 1111 1630 1155 τὸ
1668 1107 1739 1162 οὖς

274 1180 503 1235 νυττόμενοι
526 1180 783 1229 ἐκτιννύοντο.
852 1183 918 1224 καὶ
950 1182 1088 1224 ἐκεῖνοι
1117 1182 1190 1235 μὲν
1219 1180 1298 1224 ὑπὸ
1328 1184 1408 1224 τῶν
1431 1181 1736 1238 Καρχηδονίων,
1747 1189 1792 1224 15

277 1250 313 1292 οἱ
340 1249 482 1307 ἄνδρες
509 1251 551 1292 δὲ
573 1248 651 1292 ὑπὸ
675 1256 754 1293 τῶν
770 1249 979 1303 Ῥωμαίων
1001 1251 1254 1307 ἐφθείροντο.
1311 1248 1451 1293 ἔπεσον
1474 1249 1520 1292 δὲ
1540 1253 1737 1301 τοσοῦτοι,

278 1317 378 1360 ὥστε
402 1318 496 1368 τοὺς
522 1316 743 1372 Ῥωμαίους
766 1320 964 1374 διακορεῖς
987 1323 1060 1359 τοῦ
1083 1316 1208 1374 φόνου
1232 1319 1466 1373 γενομένους
1486 1317 1544 1372 μὴ
1566 1320 1740 1372 θελῆσαι

278 1386 371 1436 τοὺς
393 1385 540 1435 ἄλλους
565 1387 783 1436 ἐπιδιῶξαι.
852 1386 1091 1443 φθείραντές
1119 1402 1162 1428 τε
1195 1385 1344 1436 ἄλλους
1374 1387 1548 1436 πολλοὺς
1576 1385 1739 1428 καὶτὸν

272 1452 537 1510 Ἀσδρούβαν,
561 1456 626 1496 καὶ
651 1453 814 1512 λάφυρα
837 1457 1003 1497 πλεῖστα
1026 1452 1237 1507 λαβόντες,
1260 1455 1326 1496 καὶ
1343 1452 1566 1508 Ῥωμαίους
1589 1454 1740 1509 αἰχμα-

277 1520 430 1572 λώτους
461 1523 502 1572 ἐς
536 1524 874 1580 τετρακισχιλίους
906 1523 947 1564 ἐν
979 1527 1036 1580 τῷ
1066 1523 1324 1580 στρατοπέδῳ
1356 1521 1559 1580 εὑρόντες,
1594 1522 1794 1572 ἴκανῶς20

277 1591 357 1644 τὴν.
373 1592 610 1645 Καννησίδα
634 1591 851 1648 συμφορὰν
874 1590 1126 1647 ἀνειληφέναι
1150 1589 1351 1645 ἐνόμισαν.

413 1660 692 1714 Πραχθέντων
716 1661 758 1701 δὲ
781 1657 933 1702 τούτων
956 1657 976 1701 ὃ
1001 1661 1073 1713 μὲν
1095 1658 1269 1710 Λιούϊος
1291 1658 1394 1701 κατὰ
1412 1655 1553 1714 χώραν
1577 1655 1738 1711 ἔμεινεν,

278 1724 298 1767 ὅ
325 1727 368 1768 δὲ
391 1727 535 1783 Νέρων
559 1726 713 1777 ἑκταῖος
738 1730 791 1778 εἷς
814 1729 886 1782 τὴν
902 1729 1115 1770 Ἀπουλίαν
1139 1726 1432 1780 ἐπανελήλυθε,
1459 1725 1601 1768 λαθὼν
1621 1726 1739 1782 μέχρι

371 1843 390 1878 7
416 1840 625 1887 διέπεμψαν
649 1845 693 1878 C.
808 1843 830 1877 9
854 1840 955 1887 αὐτῷ
977 1845 1020 1879 A.
1138 1846 1180 1879 ll
1205 1840 1327 1879 αὐτῶν
1349 1854 1444 1885 τινες
1467 1844 1510 1880 Α.
1622 1843 1667 1879 14
1688 1854 1739 1878 σι·

371 1886 472 1933 ὃήρςο
496 1891 540 1924 Α.
677 1889 723 1924 23
745 1885 814 1934 τὴν
837 1901 890 1923 om
913 1891 979 1926 A.-

279 2000 486 2033 caesumque
511 2001 586 2023 esse
611 1989 804 2034 suspicatus
827 1991 902 2034 (illo
928 1991 1017 2025 enim
1040 1991 1231 2035 superstite
1252 1988 1427 2025 Neronem
1449 1995 1570 2025 contra
1593 2001 1631 2024 se
1654 2001 1742 2024 nun-

280 2047 381 2081 quam
405 2035 531 2068 iturum
554 2035 683 2078 fuisse)
708 2036 752 2069 ad
777 2037 896 2070 Gallos
919 2037 1019 2071 abire
1042 2037 1180 2080 statuit,
1208 2041 1244 2070 et
1264 2036 1336 2070 illic
1359 2040 1454 2070 statu
1477 2037 1596 2071 fratris
1620 2036 1740 2081 explo-

279 2088 357 2116 rato
382 2081 504 2116 bellum
527 2092 590 2126 per
613 2081 719 2115 otium
743 2081 996 2116 administrare.

416 2127 540 2170 ltaque
564 2126 726 2161 militibus
751 2128 878 2162 itinere
901 2126 1121 2171 denuntiato,
1155 2132 1259 2161 noctu
1291 2125 1464 2161 discessit.
1512 2125 1550 2160 id
1583 2126 1740 2161 consules

282 2185 325 2207 ex
349 2172 497 2206 tumultu
521 2173 706 2217 suspicati,
742 2184 808 2207 non
837 2179 953 2208 tamen
985 2178 1128 2219 propter
1159 2173 1324 2207 tenebras
1347 2183 1386 2206 se
1408 2171 1524 2208 statim
1545 2183 1739 2207 commove-

280 2223 382 2261 runt,
413 2218 475 2251 sed
499 2219 561 2251 sub
586 2230 742 2253 auroram
767 2220 942 2264 equitibus
964 2220 1006 2253 ad
1031 2230 1107 2252 eum
1131 2217 1404 2264 persequendum
1428 2217 1646 2263 praemissis,
1669 2218 1741 2264 ipsi

282 2263 460 2298 subsecuti
483 2264 735 2298 Hasdrubalem
765 2266 902 2310 equites
926 2276 1125 2311 aggressum
1148 2265 1258 2308 (solos
1282 2264 1371 2298 enim
1394 2274 1454 2298 eos
1477 2274 1554 2298 esse
1577 2265 1740 2310 putabat)

283 2314 496 2355 superventu
520 2321 582 2342 suo
607 2310 642 2342 in
667 2311 782 2353 fugam
806 2317 1008 2355 verterunt,
1043 2315 1079 2344 et
1099 2311 1277 2355 fugientes
1296 2308 1475 2355 persecuti
1499 2309 1622 2344 multos
1648 2309 1740 2343 occi-

264 2357 429 2398 derunt,
465 2355 507 2388 ab
542 2355 733 2399 elephantis
767 2357 852 2390 nihil
883 2358 1031 2392 adiutos.
1086 2357 1206 2390 horum
1229 2355 1318 2390 enim
1341 2354 1448 2400 aliqui
1470 2354 1642 2390 vulnerati
1664 2367 1740 2390 cum

285 2401 359 2447 plus
384 2401 462 2439 mali
485 2400 536 2434 eis
560 2400 684 2435 darent
708 2413 808 2445 quam
834 2403 971 2447 hostes,
1006 2401 1202 2436 Hasdrubal
1232 2411 1388 2435 sessores
1409 2411 1526 2435 eorum
1549 2401 1680 2435 monuit
1701 2406 1743 2435 ut

285 2447 488 2481 vulneratos
512 2447 627 2480 statim
652 2448 864 2483 occiderent:
899 2449 935 2482 id
967 2449 1057 2494 quod
1092 2446 1194 2481 facile
1226 2446 1351 2485 fiebat,
1384 2457 1460 2480 cum
1481 2446 1597 2481 ferreo
1622 2446 1740 2481 aculeo

284 2493 348 2526 sub
373 2503 457 2526 aure
480 2493 734 2537 pungebantur.
779 2495 830 2528 sic
854 2495 988 2529 belluae
1011 2505 1032 2528 a
1055 2491 1417 2537 Carthaginiensibus,
1445 2491 1513 2526 viri
1536 2504 1556 2526 a
1577 2492 1742 2526 Romanis

285 2537 541 2572 occidebantur.
590 2544 757 2584 tantaque
790 2541 971 2575 multitudo
1002 2539 1130 2573 cecidit
1162 2544 1201 2572 ut
1232 2537 1382 2572 Romani
1419 2537 1585 2572 caedibus
1623 2537 1743 2571 satiati

286 2588 443 2617 caeteros
469 2583 598 2618 nollent
619 2586 795 2630 persequi.
822 2590 926 2632 atque
950 2585 1038 2620 adeo
1061 2595 1129 2618 non
1152 2582 1251 2618 modo
1278 2583 1355 2617 aliis
1377 2581 1530 2627 plurimis
1553 2581 1614 2615 sed
1637 2583 1742 2617 etiam

285 2629 504 2663 Hasdrubale
527 2629 734 2673 interfecto,
758 2632 878 2677 spoliis
901 2631 1053 2677 plurimis
1076 2629 1203 2676 captis,
1230 2633 1266 2663 et
1288 2627 1438 2673 captivis
1460 2627 1624 2662 Romanis
1650 2628 1743 2663 ultra

286 2675 565 2753 quattuordmilia
588 2675 625 2709 in
650 2677 774 2711 castris
797 2678 967 2723 repertis,
1002 2675 1133 2710 cladem
1157 2675 1373 2709 Cannensem
1405 2673 1543 2708 abunde
1565 2678 1741 2719 pensatam

285 2731 362 2754 esse
386 2731 443 2754 cre
470 2722 586 2755 ebant.

423 2766 491 2800 His
521 2766 630 2811 gestIs
655 2766 779 2803 Livius
811 2779 875 2803 suo
906 2768 982 2802 loco
1015 2765 1155 2801 mansit:
1189 2760 1287 2800 Nero
1316 2768 1416 2800 sexto
1446 2763 1502 2799 die
1525 2763 1560 2798 in
1584 2762 1742 2810 Apuliam
