1820 3120
292 103 387 150 148
762 103 986 148 IOANNIS
1008 102 1266 147 ZONARAE

290 216 447 272 πληθύϊ
463 220 716 274 στρατιωτῶν
738 217 804 260 καὶ
826 223 1023 272 μηχαναῖς
1047 214 1293 270 λιθοβόλοις.
1339 219 1406 258 καὶ
1427 216 1495 260 τὸν
1515 217 1589 271 μὲν
1612 214 1739 266 οὕτως

111 294 136 327 Ρ
162 294 177 327 1
201 292 268 330 391
294 287 534 343 διέφθειρεν,
574 289 630 343 τῷ
662 286 707 328 δὲ
737 284 902 345 Ἀμίλκᾳ
923 287 986 328 ἐπὶ
1007 283 1207 341 μετεώρου
1230 285 1295 325 καὶ
1316 281 1499 334 ὑλώδους
1516 300 1738 345 στρατοπε-

228 384 229 387 =
288 354 487 412 δευομένῳ
516 354 668 410 χωρίου
699 352 854 410 νύκτωρ
884 353 1117 409 προσέμιξε,
1170 353 1237 393 καὶ
1271 352 1441 402 πολλοὺς
1471 353 1543 406 μὲν
1575 353 1617 396 ἐν
1649 358 1738 401 ταῖς

288 422 417 472 εὐναῖς
425 453 438 473 ,
473 420 645 471 πολλοὺς
667 420 710 463 δ’
737 422 1014 478 ἓξεγερθέντας
1037 418 1244 463 διώλεσεν·
1281 421 1315 461 εἰ
1347 419 1395 462 δέ
1422 435 1524 471 τινες
1550 421 1620 468 καὶ
1655 419 1736 461 διέ-

288 506 428 548 φυγον,
462 496 545 540 τοῖς
565 489 639 540 τὰς
660 487 780 539 ὁδους
800 493 988 545 τηροῦσιν
1012 490 1268 543 ἐμπίπτοντες
1290 486 1479 530 ὤλλυντο.
1518 534 1520 537 ,
1540 488 1610 538 καὶ
1631 485 1769 530 οὕτωό

285 563 364 601 τῶν
397 575 439 600 τε
473 558 762 614 Καρχηδονίων
797 557 919 613 μέρος
952 554 1146 610 ἇναλώθη
1178 553 1301 606 πολύ,
1343 556 1410 597 καὶ
1442 551 1739 605 πόλεις,αὖτῶν

285 628 425 681 συχναὶ
457 625 557 682 πρὸς
586 624 815 678 “Ρωμαίους
844 626 1106 678 μεθίσταντο.
1174 622 1423 680 φοβηθέντες
1459 621 1501 665 δ’
1539 621 1579 665 οἱ
1613 623 1655 667 ἐν.
1689 627 1738 679 τῇ

283 693 395 737 πόλει
415 692 472 748 μὴ
498 691 623 735 ἁλῶσι
632 725 646 745 ,
677 691 1030 748 διεκηρυκεύσαντο
1053 691 1156 749 πρὸς
1177 691 1246 734 τὸν
1267 690 1433 743 ὕπατον,
1461 689 1571 741 ὅπως
1592 688 1739 744 ὃμολο-Ἰ

282 764 350 820 γίᾳ
372 763 447 803 τινὶ
471 762 632 802 ἐπιεικεῖ
648 760 959 814 ἀποπέμψαντες
982 760 1105 802 αὐτὸν
1129 759 1174 802 τὸ
1198 760 1426 816 παραυτίκα
1459 757 1588 802 δεινὸν
1616 756 1738 801 ὑπεκ-

283 828 475 886 φύγωσιν.
544 829 624 870 ἐπεὶ
663 828 707 870 δὲ
746 829 875 870 πολλὰ
909 829 1132 884 ἀπῃτοῦντο
1166 830 1233 870 καὶ
1267 825 1459 884 φορτικά,
1504 825 1558 877 ὥς
1584 825 1736 870 Ιἅλωσιν
1747 829 1792 864 10

228 909 259 942 Β
285 897 416 940 αὐτῶν
439 896 589 951 ἀκριβῆ
610 897 844 949 νομίζεσθαι
866 896 942 951 τὰς
962 894 1157 947 σπονδάς,
1194 899 1376 950 πολεμεῖν
1396 899 1551 949 μᾶλλον
1573 896 1735 939 εἵλοντο.

410 961 459 1005 Ὅ
487 963 623 1015 μέντοι
646 960 867 1018 (Ρηγοῧλος
889 964 1007 1020 με’χρι
1028 962 1117 1006 τότε
1142 963 1317 1017 εὗτυχῶν
1339 962 1571 1019 αὐχήματος
1591 962 1738 1017 μεστὸς

281 1033 429 1088 ἐγένετο
455 1032 521 1072 καὶ
546 1028 827 1087 φρονήματος,
863 1030 964 1074 ὥστε
995 1033 1062 1073 καὶ
1093 1029 1263 1088 γράφειν
1296 1033 1352 1081 εἰς
1382 1031 1454 1086 τὴν
1479 1029 1643 1086 ‘Fabam
1675 1030 1737 1074 ὅτι

279 1099 677 1155 κατεσφραγισμένας
712 1097 788 1152 ἔχει
823 1099 897 1149 τὰς
933 1103 1013 1141 τῶν
1048 1100 1340 1154 Καρχηδονίων
1378 1097 1508 1148 πύλας
1544 1096 1623 1145 (ὕπὸ
1649 1087 1738 1140 Ιτοῦ

279 1166 435 1225 φόβου·
465 1166 516 1208 τὰ
540 1165 608 1208 ἴσα
633 1167 677 1207 δὲ
700 1169 764 1208 καὶ
789 1167 826 1208 οἱ
849 1167 922 1209 σὺν
947 1167 1056 1225 αὐτῷ
1079 1169 1145 1209 καὶ
1167 1167 1205 1209 οἳ
1228 1168 1268 1209 ἓν
1292 1171 1343 1223 τῇ
1358 1163 1500 1223 (Ρῶμῃ
1525 1164 1790 1223 ἔφρόνουν.15

277 1236 375 1278 ὅθεν
418 1236 486 1277 καὶ
527 1232 774 1289 ἐσφάλησαν.
840 1229 970 1288 ἦλθον
1004 1236 1078 1288 μὲν
1112 1234 1188 1291 γὰρ
1224 1241 1307 1284 τοῖς
1341 1235 1636 1292 Καρχηδονίοις
1669 1235 1734 1276 καὶ

276 1305 402 1361 ἕτεροι
442 1300 672 1355 σύμμαχοι,
728 1297 831 1356 ἦλθε
874 1304 918 1344 δὲ
952 1305 1019 1344 καὶ
1055 1303 1096 1344 ἐκ
1131 1303 1444 1356 Λακεδαιζιιονος
1478 1299 1736 1352 Ξάνθιππος.

276 1367 392 1422 οὗτος
423 1369 498 1425 τὴν
531 1367 811 1426 αὐτοκράτορα
842 1375 922 1412 τῶν
945 1371 1236 1426 Καρχηδονίων
1268 1370 1395 1425 ἀρχὴν
1424 1369 1598 1427 εἶληφώς
1630 1368 1671 1424 (ὅ
1694 1387 1735 1412 τε

271 1442 349 1497 γὰρ
376 1443 508 1495 δῆμος
532 1437 643 1494 αὐτῷ
664 1436 716 1479 τὰ
740 1436 958 1494 πράγματα
980 1437 1204 1493 προθύμως
1227 1439 1440 1494 ἐπέτρεψε,
1468 1440 1535 1480 καὶ
1559 1437 1580 1480 ὃ
1598 1438 1730 1491 Ἀμίλ-

220 1518 250 1552 C
272 1526 347 1558 κας
380 1510 446 1550 καὶ
485 1507 522 1549 οἳ
562 1506 692 1546 λοιποὶ
723 1505 762 1546 οἳ
792 1506 832 1546 ἐν
862 1507 962 1548 τέλει
996 1505 1184 1556 ἑκουσίως
1213 1507 1442 1562 ἐξέστησαν)
1475 1503 1525 1548 τά
1556 1523 1598 1548 τε
1630 1505 1790 1557 ἄλλα20

269 1574 566 1634 παρεσκεύασεν
591 1567 660 1625 ε’ῧ,
695 1575 761 1615 καὶ
786 1573 864 1616 ἀπὸ
888 1578 967 1617 τῶν
989 1573 1198 1632 μετεώρων
1219 1574 1314 1624 τοὺς
1336 1575 1663 1632 Καρχηδονίους,
1692 1575 1734 1616 ἓν

361 1718 381 1751 1
405 1714 540 1760 πλήθει
564 1717 608 1751 Α.
719 1713 742 1747 2
767 1709 920 1757 ἔφθειρε
942 1712 1016 1747 ΑΒ.
1114 1710 1178 1747 καὶ
1198 1710 1364 1754 ὑλώδους
1385 1713 1458 1758 AB,
1482 1709 1667 1755 ξυλῶδους
1689 1714 1731 1757 C,

361 1761 426 1796 καὶ
448 1759 632 1803 ξυλώὸους
653 1759 750 1796 PW.
901 1760 921 1791 5
946 1758 1182 1802 διατηροῦσιν
1206 1758 1249 1793 C.
1387 1759 1409 1795 7
1433 1755 1666 1804 φοβηθέντες
1687 1778 1732 1785 ·—

360 1809 402 1841 11
426 1807 567 1841 εἵλοντο
591 1806 719 1842 Dionis
745 1808 945 1850 excerptum
968 1804 1191 1838 Ursinianum
1217 1803 1294 1840 148.
1387 1803 1432 1839 16
1454 1797 1576 1848 ’ἦλθον
1597 1800 1664 1848 μὲν
1687 1825 1732 1830 ——-

357 1864 393 1897 p.
418 1853 483 1887 149
515 1865 548 1886 v.
573 1854 595 1887 2
631 1848 791 1898 ἰσχύσειν
815 1847 986 1894 ἔμελλον]
1023 1849 1068 1885 cf.
1095 1855 1294 1896 excerptum
1315 1849 1528 1885 Planudeum
1562 1849 1609 1884 40
1635 1851 1731 1896 ,apud

355 1899 398 1932 A.
421 1898 548 1933 Maium
572 1911 606 1945 p.
631 1900 711 1936 540.

261 2020 406 2054 militum
430 2021 539 2066 copiis
564 2025 599 2055 et
622 2022 806 2068 catapultis
834 2019 1003 2054 confecit.
1053 2017 1282 2052 Hamilcarem
1315 2021 1429 2053 autem
1465 2017 1502 2052 in
1524 2018 1651 2052 silvoso
1674 2021 1734 2052 tu-

264 2066 353 2099 mulo
379 2071 495 2100 castra
520 2067 701 2102 habentem
725 2073 832 2102 noctu
860 2075 1067 2112 aggressUS,
1104 2063 1229 2098 multos
1259 2064 1296 2097 in
1328 2063 1498 2098 cubilibus
1520 2064 1644 2097 multos
1668 2075 1731 2097 ex-

263 2116 443 2156 perrectos
467 2112 610 2146 occidit:
643 2114 673 2147 si
697 2114 759 2158 qui
781 2125 865 2148 vero
891 2114 1112 2152 evaserant,›
1138 2109 1184 2142 ab
1212 2109 1256 2143 iis
1290 2108 1350 2153 qui
1379 2109 1454 2143 vias
1485 2109 1732 2144 custodiebant

265 2157 402 2202 excepti
425 2157 613 2201 perierunt.
661 2159 713 2192 sic
744 2170 868 2204 magna
898 2170 980 2203 pars
1005 2154 1345 2198 Carthaginiensium
1378 2159 1433 2188 est
1454 2155 1656 2199 absumpta,
1693 2159 1730 2189 et

262 2202 390 2236 multae
416 2203 518 2236 urbes
542 2204 586 2237 ad
609 2203 782 2238 Romanos
805 2206 1020 2240 defecerunt.
1046 2202 1172 2246 itaque
1194 2199 1221 2233 ii
1245 2199 1305 2244 qui
1326 2199 1364 2234 in
1387 2200 1474 2234 urbe
1495 2204 1597 2234 erant
1622 2200 1729 2236 veriti

262 2258 308 2281 ne
332 2253 557 2292 caperentur,
593 2250 845 2285 caduceatores
874 2250 918 2284 ad
947 2261 1024 2284 eum
1058 2247 1252 2288 miserunt,
1286 2249 1325 2279 ut
1348 2255 1389 2279 eo
1414 2245 1590 2280 tolerabili
1612 2245 1729 2290 aliqua

261 2293 427 2337 pactione
450 2297 565 2327 amoto
587 2295 764 2329 imminens
792 2296 915 2330 malum
937 2296 1237 2339 subterfugerent.
1287 2301 1361 2324 oum
1383 2296 1497 2326 autem
1519 2292 1626 2326 multa
1648 2302 1729 2335 per—

263 2349 364 2383 quam
390 2340 537 2373 molesta
558 2341 761 2384 postularet,
787 2347 826 2375 ut
847 2341 944 2386 pacis
967 2340 1185 2375 condiciones
1207 2335 1296 2372 nihil
1318 2336 1410 2371 aliud
1434 2348 1536 2382 quam
1559 2336 1727 2372 excidium

261 2383 471 2427 iudicarent,
496 2385 576 2429 paci
596 2385 719 2420 bellum
741 2388 993 2431 praetulerunt.

398 2429 552 2474 Regulus
583 2431 757 2465 enimvero
791 2433 834 2466 ad
865 2432 902 2466 id
934 2442 1043 2477 usque
1072 2434 1206 2476 tempus
1245 2438 1418 2475 prospera
1453 2428 1595 2463 fortuna
1629 2438 1725 2469 usuS,

265 2474 386 2508 animis
412 2481 449 2509 et
469 2477 563 2509 fastu
586 2476 672 2510 adeo
697 2478 817 2521 plenus
840 2478 920 2521 suit,
944 2482 984 2511 ut
1002 2477 1143 2510 Romam
1168 2475 1354 2516 scriberet,
1379 2484 1420 2507 se
1441 2477 1536 2508 metu
1562 2471 1726 2516 obsigna-

263 2526 320 2552 tas
344 2521 471 2555 habere
495 2521 717 2566 Carthaginis
739 2530 872 2567 portas.
919 2523 1009 2557 idem
1039 2523 1185 2556 affectus
1209 2526 1246 2555 et
1269 2521 1343 2556 eius
1369 2518 1513 2554 militum
1537 2523 1575 2552 et
1597 2518 1724 2552 civium

264 2564 493 2600 Romanorum
515 2567 590 2603 suit.
637 2568 727 2601 unde
749 2569 876 2603 factum
899 2575 953 2602 est
974 2573 1014 2603 ut
1034 2567 1276 2612 impingerent.
1324 2577 1403 2601 nam
1423 2563 1726 2608 Carthaginiensi-

263 2610 329 2643 bus
354 2622 429 2645 cum
453 2612 510 2645 alii
533 2617 604 2646 tum
627 2612 844 2659 Xanthippus
867 2613 1163 2648 Lacedaemonius
1193 2612 1319 2647 auxilio
1344 2616 1530 2646 venerunt.
1577 2609 1637 2653 qui
1659 2609 1726 2643 im-

263 2661 404 2700 perator
440 2662 577 2692 creatus
612 2659 708 2700 (nam
743 2660 776 2693 ei
806 2664 843 2694 et
872 2659 1017 2705 populus
1051 2658 1175 2703 cupide
1204 2669 1364 2693 summam
1391 2667 1508 2692 rerum
1541 2654 1663 2688 detulit
1687 2658 1724 2688 et

263 2701 438 2735 Hamilcar
461 2704 853 2750 caeteriqueprincipes
868 2706 968 2742 ,ultro
991 2706 1186 2747 cesserunt)
1210 2715 1285 2738 cum
1307 2703 1376 2738 alia
1398 2702 1509 2747 probe
1537 2699 1721 2742 ordinavit,

263 2751 334 2781 tum
359 2746 665 2794 Carthaginienses
689 2762 710 2785 a
731 2751 893 2797 tumulis,
920 2750 957 2786 in
980 2750 1105 2796 quibus
1129 2761 1215 2796 prae
1238 2754 1331 2785 metu
1354 2749 1526 2794 agebant,
1550 2746 1588 2780 in
1609 2744 1722 2792 plani·
