1820 3120
259 83 360 130 472
726 53 958 124 mimus
990 79 1255 123 zoNARAE

258 197 327 238 καὶ
349 195 577 246 ἐπίληπτον,
610 195 740 235 ταῦτα
762 190 1038 249 κηρυττούσης
1059 197 1131 247 τῆς
1149 191 1424 248 Ἀγριππίνης,
1453 191 1593 262 ᾤοντο.
1637 191 1731 249 ῥαΐ-

257 279 403 312 σαντος
426 261 471 303 δὲ
492 264 567 303 τοῦ
584 262 794 303 Κλαυδίου
817 261 890 315 τὴν
913 261 1184 316 ἱπποδρομίαν
1207 258 1228 303 ὅ
1251 260 1396 316 Νέρων
1416 264 1732 316 μεγαλοπρεπῶς

256 330 476 381 ἐπετέλεσε,
511 330 578 370 καὶ
601 328 675 383 τὴν
691 330 911 383 Ὀκταβίαν
934 330 979 371 δὲ
999 328 1089 372 τότε
1112 329 1268 384 ἔγημεν,
1298 327 1399 371 ὥστε
1424 329 1491 371 καὶ
1515 329 1559 372 ἐκ
1580 327 1728 372 τούτου

255 399 358 455 ἀνὴρ
382 397 462 452 ἤδη
488 398 630 439 δοκεῖν.
697 397 814 440 οὐδὲν
838 399 882 439 δὲ
905 398 1056 454 ἀρκοῖν
1081 402 1132 454 τῇ
1154 397 1391 454 Ἀγριππίνῃ
1415 395 1728 442 ἐδάην-’καίτοι

255 465 334 509 ὅσα
369 483 412 509 τε
448 463 475 520 ἡ
510 467 648 519 Λιβία
684 465 772 520 ἴσχε
808 466 967 522 κάκείνῃ
1003 466 1162 508 ἐδέδοτο
1175 498 1187 516 ,
1231 467 1298 508 καὶ
1334 465 1429 507 ἄλλ’
1466 463 1569 508 ἅττα
1602 466 1761 508 πλείωό
1818 491 1820 497 -

255 533 478 591 ἐψήφιστο.
520 531 546 588 ἡ
568 535 611 576 δὲ
629 536 695 576 καὶ
715 534 934 590 ἷσοκρατὴς
951 539 1007 591 τῷ
1027 535 1221 591 Κλαυδίῳ
1245 533 1432 589 ἄντικρυς
1454 530 1730 588 ὀνομάζεσθαι

254 602 392 657 ἤθελε.
440 603 510 644 καί
529 619 623 644 ποτε
646 606 798 644 πολλοῦ
821 592 894 657 τὴν
916 602 1032 646 πόλιν
1055 603 1339 657 ἐπινεμομένου
1361 601 1510 659 πυρός,
1532 601 1636 660 πρὸς
1657 601 1731 657 τὴν

256 671 487 726 ἐπικουρίαν
510 670 644 727 ἐκείνῳ
667 671 1000 726 συμπαρεγένετο.

353 737 402 781 Ὅ
415 742 511 794 γοῦν
522 737 730 788 Κλαύδιος
742 738 971 793 ἀχθόμενος
981 746 1064 790 τοῖς
1077 738 1297 796 δρωμένοις
1309 743 1394 789 τοῖς
1405 737 1505 788 τέως
1517 739 1573 788 εἰς
1584 740 1731 794 γνῶσιν

203 814 236 848 D
261 809 391 849 ῗοῦσιν
409 807 533 863 αὐτῷ,
551 808 690 865 καὶτῷ
702 810 960 866 Βρεττανικῷ
973 806 1091 851 ὁπότε
1106 806 1259 861 ἐντύχοι
1274 804 1534 864 φιλοφρόνως
1545 803 1730 862 συγγινό-
1740 811 1787 847 lo

255 893 397 929 μενος,
423 875 497 916 οὐκ
520 874 657 930 ἤνεγκε
680 876 731 917 τὰ
754 875 965 931 γινόμενα,
991 877 1086 919 ἀλλ’
1107 878 1259 930 ἐκείνην
1275 892 1316 918 τε
1334 879 1560 918 καταλῦσαι
1577 876 1643 917 καὶ
1661 874 1732 917 τὸν

254 943 343 985 υἱὸν
355 946 395 994 ἐς
412 943 508 992 τοὺς
524 942 704 1000 ἐφήβους
719 946 943 1000 εἷσαγαγεΐν
960 947 1028 986 καὶ
1045 943 1235 999 διάδοχον
1253 944 1464 994 ἀποδεῖξαι
1481 940 1733 1000 παρεσκευά-

256 1012 356 1063 ζετο.
424 1015 576 1067 γνοῦσα
603 1013 647 1054 δὲ
669 1016 799 1054 ταῦτα
821 1011 847 1067 ἡ
866 1013 1103 1069 Ἀγριππίνα
1126 1015 1450 1069 προκαταλαβεῖν
1473 1011 1598 1054 αὐτὸν
1621 1027 1732 1068 φαρ-

254 1079 374 1137 μάκῳ
410 1081 504 1136 πρίν
538 1097 576 1122 τι
611 1085 794 1123 τοιοῦτον
829 1075 1066 1138 πραχθῆναι
1106 1079 1369 1123 ἐσπούδασεν.
1432 1077 1490 1130 αἷς
1525 1080 1568 1123 δ’
1606 1080 1731 1126 ἐκεῖνο

256 1148 373 1190 οὐδὲν
393 1146 473 1191 ὗπό
497 1165 539 1190 τε
562 1153 636 1190 τοῦ
658 1149 782 1200 οἴνου,
807 1148 853 1192 ὃν
875 1150 1002 1192 πολὺν
1025 1151 1087 1192 ἀεὶ
1112 1147 1132 1192 ὃ
1154 1147 1363 1198 Κλαύδιος
1385 1147 1527 1200 ἔπινεν,
1551 1145 1730 1204 ἐξειργά-
1740 1151 1788 1188 15

257 1232 358 1258 σατο
369 1248 381 1268 ,
423 1219 490 1258 καὶ
512 1214 591 1259 ὑπὸ
616 1222 689 1272 τῆς
712 1217 837 1272 ἄλλης
860 1219 1036 1273 διαίτης,
1072 1212 1099 1275 ᾗ
1122 1217 1267 1268 πάντες
1289 1218 1433 1259 ἐπίπαν
1455 1216 1494 1259 οἷ
1516 1215 1562 1259 τὸ
1586 1214 1734 1273 κράτος

255 1283 412 1338 ἔχοντες
435 1289 616 1340 χρῶνται
645 1285 747 1342 πρὸς
780 1286 966 1343 φυλακὴν
989 1285 1158 1337 ἑαυτῶν,
1192 1283 1467 1328 Λουκούσταν
1490 1285 1734 1342 φαρμακίδα

256 1353 346 1394 τινὰ
381 1352 621 1409 περιβόητον
652 1353 719 1396 ἐπ’
757 1354 868 1411 αὐτῷ
899 1353 1028 1412 τούτῳ
1061 1355 1150 1396 νέον
1173 1353 1398 1396 ἑαλωκυῖαν
1420 1353 1733 1407 μετεπέμψατο·

258 1422 331 1463 καί
358 1438 396 1463 τι
429 1419 647 1478 φάρμακον
679 1422 814 1478 ἕτερον
837 1422 1019 1478 ἄφυκτον
1042 1419 1276 1466 σκευάσασα
1299 1422 1359 1464 δι’
1385 1421 1535 1476 αὐτῆς,
1571 1423 1627 1471 εἰς
1648 1420 1734 1463 ἔνια

74 1493 103 1527 P
127 1493 145 1527 1
168 1493 237 1531 567
259 1493 339 1532 τῶν
361 1490 619 1543 καλουμένων
640 1488 831 1550 μυκήτων
854 1491 1038 1543 ἐνέβαλε,
1073 1493 1140 1533 καὶ
1174 1490 1276 1544 αὐτὴ
1307 1490 1382 1544 μὲν
1412 1490 1456 1531 ἐκ
1486 1493 1567 1532 τῶν
1597 1487 1731 1532 ἄλλων
1741 1492 1790 1528 20

255 1556 416 1611 ἤσθιεν,
451 1559 598 1600 ἐκεῖνον
631 1558 675 1600 δὲ
705 1559 747 1600 ἐκ
780 1562 855 1601 τοῦ
878 1559 924 1601 τὸ
949 1558 1167 1616 φάρμακον
1190 1558 1372 1613 ἔχοντος,
1407 1556 1523 1608 ὄντος
1543 1559 1732 1613 μεγίστου

256 1642 300 1668 τε
324 1627 390 1667 καὶ
414 1627 645 1677 καλλίστου,
681 1633 824 1682 φαγεῖν
846 1626 1131 1684 παρεσκεύασε.
1186 1629 1252 1668 καὶ
1277 1624 1297 1668 ὃ
1320 1627 1394 1680 μὲν
1417 1623 1546 1676 οὕτως
1567 1626 1734 1680 ἐπιβου-

350 1755 374 1790 4
397 1750 472 1799 ἤδη
496 1755 571 1796 ΑΒ,
595 1750 692 1789 εἶναι
716 1755 759 1799 C,
790 1750 886 1790 εἶναι
912 1752 987 1801 ἤδη
1011 1756 1100 1791 PW.
1263 1755 1284 1788 5
1308 1750 1472 1790 ἅλλοὲττα
1494 1753 1548 1798 A,
1569 1749 1664 1788 ἄλλα
1686 1751 1736 1788 τοὶ

354 1801 438 1843 BC,
471 1796 564 1835 ἄλλοι
587 1811 625 1835 τε
649 1801 738 1837 PW.
885 1801 906 1837 7
930 1802 997 1835 καί
1018 1813 1107 1836 ποτε
1131 1813 1186 1836 om
1210 1799 1253 1835 A.
1394 1801 1439 1836 10
1460 1798 1514 1846 τῷ
1536 1800 1605 1835 add
1627 1799 1734 1835 ABG.

352 1847 399 1880 20
419 1844 590 1890 μυκότων
615 1846 658 1882 C.

258 1958 399 1994 cordem
431 1963 467 1994 et
495 1959 685 1995 lunaticum
717 1971 794 1995 esse
826 1962 1009 2007 putabant.
1058 1972 1132 1995 cum
1156 1959 1324 1994 claudius
1350 1958 1602 2004 convaluisset,
1636 1959 1735 1994 Nero

259 2005 360 2039 ludos
383 2005 567 2050 magnifice
588 2007 685 2049 fecit,
710 2010 747 2040 et
768 2008 832 2041 sub
855 2007 946 2041 idem
968 2012 1105 2052 tempus
1129 2006 1313 2041 octaviam
1336 2006 1447 2050 duxit,
1471 2009 1512 2039 ut
1530 2017 1574 2039 ex
1589 2017 1631 2039 eo
1650 2016 1737 2050 quo-

262 2062 332 2096 que
355 2051 424 2089 iam
448 2052 504 2085 vir
529 2063 608 2086 esse
628 2052 820 2087 videretur.
870 2053 1027 2098 quamvis
1050 2057 1166 2087 autem
1193 2051 1408 2098 Agrippinae
1432 2056 1470 2085 et
1493 2062 1534 2085 ea
1561 2062 1651 2096 quae
1673 2050 1737 2085 Li-

262 2097 323 2131 via
347 2098 530 2141 habuerat,
554 2098 668 2132 omnia
691 2110 856 2132 concessa
879 2103 917 2132 et
936 2099 1038 2144 plura
1060 2099 1163 2133 etiam
1188 2098 1331 2132 decreta
1353 2101 1491 2138 essent,
1514 2097 1601 2131 nihil
1621 2102 1737 2131 tamen

264 2143 300 2177 ei
322 2143 409 2177 satis
433 2148 529 2187 erat,
563 2144 599 2177 ni
623 2144 805 2178 manifeste
832 2155 876 2178 ex
899 2156 1010 2190 aequo
1036 2156 1111 2179 cum
1138 2144 1285 2178 Claudio
1307 2143 1511 2188 imperatrix
1541 2142 1737 2177 nominare·

263 2193 332 2222 tur.
379 2194 416 2223 et
445 2201 570 2234 magno
599 2190 760 2224 incendio
790 2191 909 2225 urbem
932 2195 1150 2236 pervagante
1173 2201 1242 2224 una
1266 2200 1341 2223 cum
1364 2200 1406 2223 eo
1429 2189 1474 2222 ad
1497 2200 1598 2233 opem
1620 2189 1737 2223 seren-

263 2234 341 2270 dam
365 2234 402 2268 in
426 2235 599 2280 publicum
623 2236 766 2281 prodiit.

403 2280 573 2315 Claudius
606 2281 716 2326 igitur
749 2281 902 2316 offensus
934 2282 980 2316 iis
1007 2292 1095 2326 quae
1119 2280 1287 2314 hactenus
1309 2284 1388 2314 acta
1411 2290 1489 2314 esse
1511 2282 1739 2324 cognoverat,

265 2336 331 2359 nec
352 2326 499 2360 ferenda
522 2326 579 2360 illa
603 2332 640 2361 et
661 2327 838 2362 mulierem
862 2329 1086 2362 coercendam
1107 2338 1184 2360 esse
1206 2330 1324 2368 ratus,
1355 2325 1594 2360 Britannicum
1616 2330 1653 2360 et
1675 2325 1740 2358 hu·

265 2371 415 2405 maniter
437 2372 575 2417 quoties
599 2373 830 2407 conveniebat
852 2373 1046 2416 tractavit,
1080 2377 1117 2407 et
1149 2373 1231 2406 data
1265 2370 1359 2405 virili
1392 2374 1478 2415 toga
1500 2370 1638 2416 imperii
1661 2381 1741 2404 suc-

265 2428 439 2451 cessorem
463 2418 648 2462 designare
672 2418 708 2452 in
730 2420 843 2453 animo
868 2420 1002 2453 habuit.
1027 2429 1096 2464 quo
1119 2416 1313 2462 Agrippina
1337 2416 1487 2461 cognito,
1511 2428 1646 2451 veneno
1662 2426 1741 2450 eum

267 2465 511 2508 antevertere,
546 2464 746 2509 priusquam
779 2476 821 2499 ea
852 2466 1055 2511 perficeret,
1089 2463 1255 2498 instituit.
1302 2463 1395 2507 quod
1429 2473 1505 2496 cum
1535 2463 1580 2496 ob
1610 2472 1740 2497 merum

268 2508 404 2543 affatim
427 2521 566 2554 semper
588 2521 608 2543 a
633 2510 781 2544 Claudio
813 2510 946 2545 hauriri
976 2510 1113 2552 solitum
1145 2513 1181 2543 et
1204 2508 1315 2543 victus
1338 2507 1508 2542 rationem
1531 2519 1599 2553 qua
1622 2517 1740 2541 omnes

272 2553 449 2599 principes
471 2555 623 2589 tuendae
646 2556 770 2590 salutis
793 2568 876 2601 ergo
902 2556 952 2590 uti
976 2555 1090 2590 solent
1111 2555 1237 2589 fuisset
1258 2553 1444 2596 inefficax,
1467 2553 1652 2587 Lucustam
1675 2564 1741 2587 ve-

271 2599 417 2634 neficam
441 2601 611 2635 celebrem
643 2607 679 2636 et
710 2603 754 2636 ob
783 2602 820 2636 id
841 2603 953 2647 ipsum
978 2602 1107 2636 crimen
1129 2610 1240 2645 nuper
1261 2599 1510 2643 deprehensam
1535 2599 1741 2634 arcessivit.-

273 2645 367 2678 cuius
400 2657 508 2690 opera
540 2646 676 2681 boletos
708 2648 842 2692 aliquot
873 2659 1007 2682 veneno
1037 2647 1174 2681 letifero
1197 2645 1343 2685 infecit;
1376 2649 1482 2690 atque
1503 2645 1580 2689 ipsa
1601 2644 1740 2689 quidem

273 2689 318 2723 de
340 2692 490 2725 caeteris
514 2692 605 2735 edit,
639 2692 732 2727 illum
756 2698 872 2727 autem
896 2698 938 2727 ut
960 2698 1133 2727 venenato
1157 2691 1217 2736 qui
1239 2690 1405 2725 maximus
1429 2696 1467 2725 et
1488 2690 1740 2735 pulcherrimus

272 2741 475 2772 vesceretur
494 2736 641 2784 impulit.
689 2739 732 2774 ad
755 2739 845 2775 hunc
867 2739 1004 2775 modum
1026 2738 1150 2774 fraude
1172 2736 1440 2782 circumventus,
1470 2740 1635 2782 tanquam
1659 2746 1740 2771 cra-
