1820 3120
269 117 389 164 ,404
762 85 991 157 ΙοΑΝΝΙε
1026 102 1312 156 zoNARAE'

289 233 406 288 φωνῇ
427 229 493 271 καὶ
518 232 780 282 συντετηκυῖα
802 233 890 277 ταῖς
912 225 1047 282 ὄψεσι.
1107 224 1368 276 κελεύσαντος
1390 225 1436 268 δὲ
1455 230 1528 270 τοῦ
1553 227 1764 285 Καίσαρος

288 299 562 351 ἀνακλιθῆναι
593 296 659 338 καὶ
693 295 819 338 αὐτοῦ
849 295 1242 353 παρακαθισαμένου
1266 295 1391 349 ἐδεῖτο
1415 291 1541 340 αὗὲοὕ
1563 293 1620 358 ᾧς
1638 294 1763 351 μάλι-

288 383 366 410 στα
397 368 471 407 τοῦ
502 365 572 419 ζῆν
607 364 892 421 περιεχομένη·
937 364 1050 413 τέλος
1082 364 1126 405 δὲ
1157 366 1237 406 τῶν
1266 360 1489 420 χρημάτων
1520 362 1760 423 ἂνονγραφὴν

235 441 266 476 C
291 434 402 491 αὐτῷ
424 434 667 489 ἐνεχείρισεν.
737 430 758 474 ὃ
796 433 840 474 δὲ
874 435 1117 489 φιλοψυχεῖν
1149 430 1276 486 αὐτὴν
1305 424 1655 487 οἳόμενοςῆδετο,
1692 433 1761 475 καὶ

288 502 409 546 εῗπών
428 500 489 544 ὅτι
512 499 646 557 πάσης
669 501 827 550 ἐλπίδος
850 500 954 557 αὐτῇ
977 498 1257 557 λαμπρότερον
1273 498 1493 557 χρήσεται,
1515 500 1794 557 ἧπατηκέναιὸ

286 572 360 626 μὲν
384 570 509 625 αὐτὴν
531 568 652 628 ᾤετο,
686 571 843 622 μᾶλλον
868 569 908 610 δ’
939 568 1061 618 αὐτὸς
1084 567 1322 623 ἕξηπάτητο.
1382 572 1584 624 μαθοῦσα
1603 568 1683 627 γὰρ
1706 567 1763 619 ὥς

288 638 309 683 ὅ
337 641 503 695 Καῖσαρ
527 638 600 691 μὲν
623 638 718 693 πεζῇ
743 636 810 679 διὰ
839 638 990 694 Συρίας
1016 636 1180 692 ἔγνωκεν
1204 634 1383 690 ἀπιέναι,
1409 636 1535 693 αὐτὴν
1558 636 1599 680 δ’
1625 635 1666 689 ἐς
1687 637 1762 693 τὴν

280 706 440 762 Ῥώμην
476 707 628 749 στέλλει
663 705 765 759 μετὰ
802 706 940 762 τρίτην
977 703 1154 762 ἡμέραν,
1202 703 1355 761 ἐδεήθη
1399 707 1615 764 Καίσαρος,
1652 702 1763 756 ὅπως

285 777 471 831 ἐπενέγκῃ
506 779 564 832 τῷ
592 774 789 830 Ἀντωνίῳ
819 772 935 829 χοάς.
1003 776 1070 816 καὶ
1106 774 1396 831 ἐπιτρέψαντος
1404 807 1418 827 ,
1452 775 1516 816 ἐπὶ
1539 774 1609 817 τὸν
1630 772 1762 832 τάφον

286 848 530 899 κομισθεῖσα
554 843 684 884 πολλὰ
712 840 971 899 ὠλοφύρατο,
1009 841 1092 885 εἶτα
1115 843 1303 897 στέψασα
1325 846 1393 885 καὶ
1416 843 1792 899 κατασπασαμένηΙ

284 914 359 967 τὴν
383 909 519 968 σορόν,
554 912 754 954 ἐκέλευσεν
779 911 882 967 αὐτῇ
904 912 1073 969 λουτρὸν
1096 912 1298 967 γενέσθαι.
1366 911 1595 967 λουσαμένη
1627 912 1672 954 δὲ
1694 913 1763 953 καὶ

287 984 579 1023 κατακλιθεῖσα
603 979 768 1037 ἄριστον
790 979 936 1036 ἠρίστα
962 978 1160 1037 λαμπρόν.
1229 981 1301 1022 καί
1321 997 1382 1030 τις
1412 974 1506 1035 ἧκεν
1528 979 1604 1022 ’ἄπ’
1632 979 1763 1036 ἀγροῦ

234 1061 266 1096 D
292 1051 464 1104 κομίζων
487 1048 643 1104 ἀγγεῖον
667 1046 800 1090 σύκων
821 1046 981 1102 μεστόν.
1049 1053 1129 1091 τῶν
1160 1049 1205 1091 δὲ
1236 1046 1430 1106 φυλάκων
1461 1049 1505 1092 τί
1522 1047 1641 1107 φέροι
1663 1048 1764 1091 ἂνα-

287 1117 517 1175 κρινόντων,
551 1119 697 1168 ἐκεῖνος
727 1116 779 1158 τὰ
811 1122 916 1160 σῦκα
948 1115 1172 1169 ὑπέδειξεν·
1218 1118 1256 1159 οἳ
1290 1117 1334 1159 δὲ
1367 1115 1539 1174 εἰσάγειν
1569 1117 1762 1160 ἐκέλευον.

285 1187 389 1241 μετὰ
423 1187 466 1228 δὲ
498 1186 544 1228 τὸ
578 1185 743 1242 ἄριστον
774 1183 800 1239 ἦ
825 1184 1071 1243 Κλεοπάτρα
1102 1186 1240 1229 δέλτον
1268 1185 1682 1241 κοῖτασεσημασμένην
1702 1188 1761 1244 τῷ
1772 1191 1791 1227 1

287 1256 469 1311 Καίσαρι
492 1253 651 1297 ἔστειλε.
722 1255 886 1312 Καῖσαρ
920 1255 964 1297 δὲ
998 1253 1053 1305 ὥς
1084 1255 1237 1310 ἐνέτυχε
1267 1258 1396 1305 λιταῖς
1427 1255 1616 1310 δεομένης
1637 1253 1765 1310 αὐτῆς

287 1328 542 1381 συνταφῆναι
566 1327 622 1381 τῷ
640 1323 851 1380 Ἀντωνίῳ,
884 1322 986 1377 ταχὺ
1013 1328 1157 1379 συνῆκε
1179 1323 1226 1366 τὸ
1249 1323 1542 1382 πεπραγμένον,
1567 1324 1636 1366 καὶ
1657 1322 1764 1366 κατὰ

212 1404 217 1409 ’
284 1390 410 1446 τάχος
432 1391 527 1441 τοὺς
550 1391 825 1446 σκεψομένους
848 1392 893 1434 τὸ
916 1390 1123 1447 γενόμενον
1145 1391 1337 1447 ἔπεμψεν.
1407 1391 1453 1434 οἳ
1470 1389 1610 1451 δρόμῳ
1634 1408 1763 1434 κατα-

285 1459 478 1514 λαβόντες
509 1454 625 1517 εἷρον
657 1459 783 1514 αὐτὴν
815 1464 1060 1515 τεθνηκυῖαν
1094 1462 1135 1503 ἓν
1162 1465 1298 1518 χρυσῇ
1329 1461 1442 1518 κλίνῃ
1465 1460 1763 1516 κεκοσμημένην

282 1532 517 1583 βασιλικῶς.
586 1533 667 1571 τῶν
699 1529 742 1570 δὲ
771 1534 969 1583 γυναικῶν
991 1527 1016 1583 ἢ
1042 1530 1115 1583 μὲν
1138 1529 1267 1585 Εἰρὰς
1290 1529 1392 1586 πρὸς
1414 1535 1498 1580 τοῖς
1529 1530 1647 1572 ποσὶν
1680 1529 1793 1571 oin-2
1819 1563 1820 1603 1

285 1597 494 1652 έθνησκεν,
529 1594 554 1652 ἢ
593 1597 638 1639 δὲ
673 1594 912 1652 Χαρμόνιον
947 1597 1027 1652 ἤδη
1063 1602 1359 1655 καρηβαροῦσα
1397 1599 1465 1640 καὶ
1501 1598 1762 1656 σφαλλομένη
1819 1608 1820 1611 ’

285 1664 522 1720 κατεκόσμει
553 1665 719 1727 τὸιπερὶ
751 1665 825 1720 τὴν
850 1665 1032 1723 κεφαλὴν
1064 1668 1214 1722 ἐκείνης
1244 1665 1438 1722 διάδημα.
1507 1665 1686 1717 εἶπόντος
1718 1666 1766 1709 δέ
1791 1675 1793 1677 ’

375 1794 398 1830 3
420 1790 547 1838 τέλος]
583 1791 647 1829 καὶ
671 1793 776 1834 τέλος
796 1795 838 1830 Β.
974 1795 998 1831 6
1022 1791 1153 1840 αὐτὴν]
1177 1790 1281 1840 αὐτῷ
1301 1795 1346 1831 Α.
1481 1795 1506 1832 9
1529 1790 1704 1842 ἐπενέγκῃ
1718 1774 1761 1831 ‘A

376 1851 451 1875 cum
490 1841 701 1883 Plutarcho,
740 1838 867 1888 ἐνέγκῃ
901 1840 993 1877 PW.
1177 1842 1224 1875 20
1254 1841 1441 1886 γυναικοῖν
1476 1843 1508 1876 Α
1538 1842 1759 1885 Plutarchus,

338 1912 342 1915 ,
373 1887 739 1977 ἕξρῗξὶτῖιέἕένᾼὶἶῐᾙ.
912 1883 1016 1932 sionis
1045 1888 1089 1921 A.
1261 1888 1305 1923 21
1337 1885 1507 1934 Χάρμιον
1535 1887 1759 1926 Plutarchus.

287 2056 363 2079 cum
388 2044 432 2080 ad
456 2045 532 2079 eius
556 2056 670 2090 genua
694 2045 882 2090 provoluta
905 2047 1111 2081 recumbere
1133 2046 1227 2080 iussa
1252 2048 1367 2091 esset,
1402 2058 1478 2082 eum
1502 2058 1593 2084 voce
1615 2049 1761 2083 tremula

287 2096 324 2126 et
357 2091 466 2125 oculis
497 2091 583 2125 fletu
616 2092 788 2126 confectis
822 2093 1032 2129 assidentem
1064 2092 1205 2138 perinde
1236 2093 1353 2140 oravjit
1375 2104 1417 2127 ac
1439 2093 1469 2127 si
1495 2094 1587 2129 vitae
1610 2095 1760 2141 cupidis-

286 2138 374 2171 sima
397 2143 501 2180 esset,
527 2142 700 2182 postremo
723 2138 893 2183 pecuniae
917 2139 1185 2184 descriptionem
1209 2138 1241 2172 ei
1266 2138 1405 2173 obtulit.
1451 2140 1584 2174 Caesar
1607 2151 1681 2175 eam
1706 2140 1762 2175 vi-

285 2188 343 2217 tae
369 2183 526 2229 cupidam
554 2195 632 2217 esse
655 2189 774 2226 ratus,
809 2185 971 2227 gravisus
997 2191 1068 2218 est:
1102 2196 1144 2219 ac
1167 2195 1206 2218 se
1230 2184 1320 2218 omni
1343 2196 1406 2230 spe
1428 2184 1520 2220 illam
1545 2185 1760 2232 splendidius

285 2233 514 2263 tractaturum
538 2229 731 2274 pollicendo
756 2230 934 2275 decepisse
958 2236 1114 2277 putans,‘
1137 2230 1214 2275 ipse
1243 2230 1350 2275 magis
1381 2234 1435 2264 est
1456 2231 1633 2277 deceptus.
1683 2243 1760 2267 cum

285 2274 375 2309 enim
410 2276 470 2308 illa
502 2275 730 2319 cognovisset
761 2287 838 2310 eum
870 2281 965 2310 terra
990 2288 1054 2321 per
1076 2277 1214 2319 Syriam
1238 2276 1386 2320 iturum,
1418 2277 1531 2322 ipsam
1562 2289 1648 2312 vero
1679 2284 1761 2325 post·

283 2321 439 2354 triduum
470 2321 614 2355 Romam
648 2322 850 2365 missurum,
885 2322 1001 2356 oravit
1033 2325 1074 2355 ut
1105 2321 1257 2356 Antonio
1289 2326 1472 2368 parentare
1504 2323 1643 2358 liceret.
1689 2335 1759 2370 quo

285 2367 454 2411 permisso
476 2367 518 2400 ad
542 2373 795 2402 monumentum
819 2369 978 2413 perlata,
1004 2379 1128 2412 magno
1151 2369 1243 2402 luctu
1269 2369 1388 2411 edito,
1411 2368 1596 2415 loculoque
1619 2371 1760 2405 coronis

288 2417 325 2445 et
348 2412 481 2446 inferiis
506 2420 646 2457 ornato,
676 2414 836 2447 balneum
861 2414 929 2447 sibi
953 2414 1072 2459 parari
1094 2414 1208 2448 iussit.
1256 2413 1335 2448 dum
1357 2413 1428 2448 lota
1452 2416 1624 2450 accumbit
1645 2416 1761 2462 splen-

286 2457 436 2502 dideque
460 2459 617 2506 prandet,
643 2460 781 2504 quidam
807 2471 850 2493 ex
872 2471 957 2504 agro
982 2471 1044 2493 vas
1069 2458 1203 2504 plenum
1226 2459 1358 2494 ficubus
1382 2466 1536 2507 portans,
1561 2473 1582 2496 a
1605 2462 1760 2496 custodi-

286 2505 351 2537 bus
375 2504 458 2548 quid
486 2506 598 2538 ferret
617 2511 782 2551 rogatus,
808 2507 958 2539 ostensis
981 2506 1115 2540 ficubus
1137 2505 1275 2550 ingredi
1299 2506 1414 2540 iussus
1439 2510 1503 2542 est.
1551 2511 1631 2553 post
1651 2519 1761 2553 pran-

288 2549 381 2583 dium
409 2550 600 2594 Cleopatra
624 2551 762 2586 litteras
787 2552 991 2596 obsignatas
1014 2551 1159 2585 Caesari
1183 2551 1297 2594 misit,
1322 2552 1449 2595 quibus
1473 2554 1597 2588 orabat
1619 2558 1660 2587 ut
1682 2565 1759 2588 cum

288 2595 437 2629 Antonio
459 2596 677 2640 sepeliretur.
722 2598 813 2631 unde
835 2598 895 2631 ille
919 2597 1037 2631 statim
1059 2596 1233 2631 intellexit
1255 2597 1337 2642 quid
1351 2603 1603 2642 actum'esset,
1628 2609 1670 2632 ac
1685 2611 1758 2634 rem

289 2641 464 2685 explorari
489 2643 602 2678 iussit.
648 2643 707 2688 qui
739 2643 836 2677 missi
865 2648 987 2686 erant,
1018 2654 1093 2677 cum
1122 2654 1273 2688 propere
1303 2645 1555 2691 accurrissent,
1588 2649 1759 2680 mortuam

291 2697 365 2719 eam
400 2688 435 2719 in
472 2699 579 2722 aureo
613 2689 704 2723 lecto
734 2689 902 2733 regaliter
932 2694 1089 2723 ornatam
1120 2689 1352 2733 invenerunt,
1387 2690 1497 2724 altera
1527 2691 1603 2724 eius
1634 2690 1775 2724 ancilla-

288 2732 391 2765 Irade
415 2733 457 2765 ad
484 2734 591 2778 pedes
612 2734 702 2768 illius
726 2735 944 2781 exspirante,
975 2735 1084 2768 altera
1108 2735 1318 2769 Charmonio
1350 2747 1395 2770 ex
1417 2736 1608 2781 gravedine
1631 2736 1757 2781 capitis

289 2777 355 2812 iam
377 2777 588 2825 labescente‚
611 2785 647 2816 et
669 2781 825 2817 diadema
844 2781 1052 2827 Cleopatrae
1075 2785 1279 2817 exornante.
1307 2781 1364 2816 cui
1387 2792 1463 2817 cum
1487 2781 1624 2829 quidam
1646 2782 1756 2817 dixis-
