1820 3120
269 113 364 159 142
735 115 960 161 ΙοΑΝΝιε
993 117 1252 185 ZONARAE

150 239 159 249 ·
211 234 244 269 D
265 227 402 281 λαβὼν
423 224 519 277 τούς
539 244 582 270 τε
603 227 852 283 Ἐγεσταίους
873 228 1068 288 ἐρρύσατο
1078 261 1092 281 ,
1127 229 1230 284 μηδ’
1266 231 1321 279 εἰς
1345 236 1486 288 χεῖρας
1515 233 1626 291 αὐτῷ
1646 238 1719 276 τοῦ

257 296 444 349 Ἀμίλκου
468 295 601 338 ἐλθεῖν
621 294 918 351 ὑπομείναντος,
942 300 1009 340 καὶ
1031 298 1080 340 τὰ
1106 299 1219 354 φίλια
1236 297 1288 339 τὰ
1307 296 1411 340 ἄλλα
1431 298 1717 353 ἐβεβαιώσατο,

262 365 329 404 καὶ
352 365 409 412 εἷς
429 363 501 415 τὴν
519 362 683 420 ςΡώμην
706 370 778 408 τοῦ
800 366 948 422 θέρους
978 364 1251 422 παρελθόντος
1283 365 1542 423 ἀνεκομίσθη.
1608 367 1718 411 ἀπά-

261 447 407 487 ραντος
439 431 480 472 δ’
515 432 640 475 αὐτοῦ
663 431 684 475 ὅ
710 433 899 488 Ἀμίλκας
919 432 966 476 τό
989 451 1031 476 τε
1054 434 1266 490 Δρέπανον
1289 435 1526 488 κεκλημένον
1548 435 1649 489 (ἔστι
1673 437 1717 479 δὲ

259 499 380 553 λιμὴν
405 499 620 556 ἐπίκαιρος)
652 500 892 559 ἐκρατύνατο
926 503 992 543 καὶ
1023 503 1064 551 ἐς
1094 501 1215 544 αὐτὸν
1239 500 1291 544 τὰ
1313 503 1499 545 πλείστου
1521 504 1748 548 κατέθετοό

260 565 378 618 ἄξια,
423 570 490 609 καὶ
523 568 615 618 τοὺς
642 569 871 626 Ἐρυκίνους
894 568 1074 619 ἅπαντας
1094 569 1357 623 μετανέστησε
1370 601 1383 620 ,
1420 571 1486 612 καὶ
1508 570 1580 625 τὴν
1599 569 1716 614 πόλιν

260 635 392 678 αὐτῶν
413 636 676 690 κατέσκαψεν,
714 638 784 679 ‘iva
815 636 872 691 μὴ
907 637 945 678 οἳ
974 635 1173 690 “Ρωμαΐοι
1205 638 1403 694 καρτερὰν
1433 637 1560 693 αὐτὴν
1591 634 1715 682 οὖσαν

259 703 553 756 καταλαβόντες
585 703 830 760 ὁρμητήριον
861 709 933 747 τοῦ
966 705 1143 758 πολέμου
1175 704 1442 760 ποιήσωνται,
1485 707 1551 748 καὶ
1581 705 1717 757 πόλεις

257 767 338 813 εἷλε
373 771 447 821 τὰς
479 773 552 825 μὲν
585 773 658 831 βίᾳ
692 772 765 821 τὰς
801 773 846 814 δὲ
880 774 1100 832 προδοσία·
1135 775 1202 815 καὶ
1235 776 1269 815 εἷ
1297 773 1355 828 μὴ
1387 772 1512 824 Γάϊος
1545 776 1716 831 Φλῶρος

257 838 380 880 αὐτὸν
419 840 580 894 ἐπέσχεν
621 841 703 883 ἐκεῖ
732 839 952 894 χειμάσας,
1015 841 1087 895 τὴν
1118 842 1301 884 Σικελίαν
1332 840 1382 884 ἂν
1411 842 1711 900 κατεστρέψατο
1723 850 1770 886 10

255 923 430 948 απασαν.

389 970 574 1024 Λούκιος
597 974 641 1015 δὲ
663 975 838 1017 Σκιπίων
861 972 882 1016 ὃ
907 973 1117 1031 συνάρχων
1151 976 1260 1033 αὐτῷ
1293 976 1356 1017 ἐπὶ
1379 976 1528 1033 Σαρδὼ
1558 978 1626 1018 καὶ
1648 977 1713 1019 ἐπὶ

70 1050 97 1083 Ρ
120 1050 139 1085 Ι
160 1049 230 1085 388
254 1040 415 1098 Κύρνον
438 1040 673 1097 ε’στράτευσε
707 1043 871 1096 (κεῖνται
904 1043 947 1084 δὲ
981 1045 1022 1085 ἐν
1055 1047 1112 1101 τῷ
1139 1047 1378 1101 Τυρσηνικῷ
1398 1043 1557 1099 πελάγει
1580 1044 1712 1100 ὀλίγον

58 1118 107 1152 W
127 1118 165 1154 11
187 1119 233 1156 57
255 1109 439 1164 ἀλλήλων
471 1110 691 1163 ἀπέχουσαι
724 1109 779 1160 ὡς
808 1112 906 1165 μίαν
938 1110 1064 1161 αὐτὰς
1093 1110 1308 1167 πόρρωθεν
1340 1108 1435 1153 εἶναι
1467 1113 1612 1167 δοκεῖν)
1642 1114 1710 1154 καὶ

252 1179 428 1237 προτέρα
449 1182 500 1234 τῇ
524 1177 671 1235 Κύρνῳ
695 1179 937 1235 προσβαλὼν
960 1179 1033 1233 τὴν
1050 1180 1123 1234 μὲν
1145 1179 1392 1234 Οὖαλλερίαν
1409 1179 1482 1234 τὴν
1497 1180 1710 1236 κρατίστην
1723 1189 1766 1224 15

252 1246 378 1300 αὐτῆς
411 1244 526 1287 πόλιν
553 1248 625 1304 βία
656 1243 781 1298 εἶλεν,
820 1245 978 1297 ἀπόνως
1001 1248 1045 1289 δὲ
1068 1246 1118 1289 τὰ
1141 1247 1259 1289 λοιπὰ
1283 1245 1536 1303 ἐχειρώσατο.
1603 1249 1645 1298 ἐς
1667 1249 1712 1290 δὲ

251 1314 324 1369 τὴν
346 1314 496 1371 Σαρδὼ
519 1315 648 1356 πλέων
671 1315 828 1356 κατεΐδέ
847 1332 885 1357 τι
907 1314 1092 1356 ναυτικὸν
1115 1313 1410 1370 Καρχηδόνιον,
1434 1317 1501 1357 καὶ
1523 1316 1590 1357 ἐπ’
1611 1315 1709 1358 αὐτὸ

251 1381 458 1439 ἐτράπετο.
492 1383 559 1424 καὶ
583 1382 622 1424 οἷ
642 1382 716 1435 μὲν
738 1381 886 1439 ἔφυγον
908 1382 1026 1439 πρινὴ
1050 1385 1266 1436 συμμιξαι,
1296 1382 1416 1432 αὐτὸς
1439 1383 1484 1425 δ’
1510 1385 1572 1425 ἐπὶ
1594 1382 1710 1426 πόλιν

246 1449 413 1504 Ὀλβίαν
434 1445 580 1504 ἦλθεν·
614 1449 716 1492 ἔνθα
737 1454 817 1493 τῶν
840 1451 1130 1507 Καρχηδονίων
1151 1450 1253 1504 μετὰ
1276 1454 1355 1492 τῶν
1376 1455 1474 1493 νεῶν
1497 1452 1710 1509 ἐπιφανέν-

249 1534 330 1560 των
371 1519 572 1575 φοβηθείς
612 1517 724 1572 (οὐδὲ
758 1518 836 1575 γὰρ
872 1516 948 1573 εἶχε
982 1518 1028 1561 τὸ
1065 1518 1181 1570 πεζὸν
1216 1516 1452 1574 ἀξιόμαχον)
1487 1519 1556 1562 ἐπ’
1594 1518 1705 1563 οἴκου
1716 1528 1765 1564 20
1819 1521 1820 1575 J

247 1585 412 1642 ἀπῆρεν.

341 1704 362 1737 1
387 1698 486 1747 τούς]
509 1702 578 1736 τοῦ
600 1703 643 1741 Α.
737 1699 954 1747 ἆγεστοιίους
975 1703 1018 1746 A,
1042 1698 1254 1747 ἔγεστάτους
1276 1703 1318 1738 C.
1411 1703 1434 1737 2
1456 1698 1610 1748 οἶμίλκου
1631 1703 1706 1747 AB,

338 1747 475 1791 Αμίλκα
491 1748 579 1783 PW.
668 1748 691 1782 3
706 1746 955 1792 προελθόντος
968 1749 1009 1783 Α.
1103 1749 1125 1783 4
1142 1745 1341 1794 &Mutinae
1355 1760 1409 1783 om
1426 1749 1467 1783 B.
1558 1749 1580 1782 5
1598 1743 1706 1792 ἔκρα·

338 1791 466 1827 τύνετο
491 1793 534 1827 Α.
649 1790 764 1827 αὐτὸν
786 1794 898 1838 ABG,
925 1791 1015 1830 αὐτὸ
1037 1795 1126 1831 PW.
1241 1794 1263 1828 6
1290 1790 1481 1838 ἑρυκίνουέ
1502 1794 1582 1838 ΑΒ,
1606 1794 1703 1838 Ερυ-

339 1835 478 1881 κηνοὺς
498 1839 588 1874 PW.
691 1838 712 1874 ‘1
736 1838 893 1873 κατέσκοι
928 1851 974 1873 αν
997 1840 1039 1875 C.
1140 1838 1164 1873 8
1185 1837 1402 1884 ποιήσονται
1423 1841 1469 1875 A.
1571 1840 1616 1875 12
1639 1836 1705 1874 αὖ-

337 1884 392 1929 τῷ
414 1884 455 1927 Β,
481 1880 598 1918 αὐτοῦ
619 1884 709 1919 PW.
826 1886 870 1921 13
892 1883 1059 1928 αλλήλων
1080 1881 1206 1928 ὀλίγον
1228 1886 1272 1919 A.
1387 1887 1433 1920 14
1455 1880 1529 1919 ἇπέ
1551 1895 1643 1919 ουσα
1660 1886 1704 1920 C.

339 1926 467 1968 αὐτοῖς
491 1929 533 1965 C.
631 1931 674 1964 15
693 1926 854 1973 Ἀλερίαν
877 1930 1007 1975 potius.
1105 1929 1148 1965 17
1172 1927 1235 1964 ἐπ’
1257 1926 1352 1976 αὐτῇ
1374 1931 1416 1966 Α.
1510 1932 1529 1966 1
1578 1927 1703 1975 αὐτὸς]

339 1970 431 2008 αὐτὸ
451 1976 495 2011 A.
634 1975 679 2010 19
702 1975 819 2020 νεῶν]
854 1975 1041 2020 νησιωτῶν
1074 1976 1285 2010 Niebuhrius
1313 1976 1495 2011 Historiae
1526 1975 1704 2011 Romanae

337 2019 385 2057 T.
409 2020 433 2054 3
454 2031 489 2065 p.
512 2019 579 2054 681
603 2032 639 2058 n.
662 2020 766 2057 1060.
903 2021 951 2055 20
973 2017 1080 2066 οὐδὲ]
1105 2016 1150 2056 οὖ
1171 2022 1245 2058 ΑΒ.
1380 2019 1423 2057 τὸ
1448 2033 1503 2056 om
1527 2020 1568 2058 B.

243 2121 406 2167 peditatu
439 2119 506 2154 sibi
538 2120 702 2155 adiuncto
726 2121 942 2166 Segestanos
970 2121 1154 2164 liberavit,
1186 2121 1383 2156 Hamilcare
1411 2133 1476 2156 nec
1507 2122 1554 2157 ad
1583 2133 1703 2157 manus

244 2166 367 2201 venire
392 2177 496 2208 auso3
533 2171 568 2200 et
590 2166 696 2201 sociis
720 2168 925 2202 civitatibus
946 2167 1102 2211 firmatis,
1127 2168 1244 2212 elapsa
1266 2171 1398 2202 aestate
1419 2167 1561 2202 Romam
1584 2169 1702 2203 rediit.

243 2218 326 2258 post
359 2211 433 2246 eius
469 2211 601 2246 abitum
634 2213 807 2247 Hamilcar
837 2214 1033 2258 Drepanum
1074 2214 1149 2257 (est
1179 2220 1291 2247 antem
1321 2218 1442 2258 portus
1473 2215 1702 2259 opportunus)

243 2257 387 2299 muniit,
413 2268 524 2302 eoque
547 2269 604 2291 res
627 2258 762 2292 maximi
786 2257 892 2304 pretii
915 2259 1077 2300 contulit3
1109 2262 1145 2292 et
1166 2258 1331 2302 Erycinis
1355 2259 1512 2293 omnibus
1533 2259 1701 2304 expulsis,

244 2309 352 2349 atque
374 2304 461 2337 urbe
485 2314 626 2346 eversa,
659 2315 702 2337 ne
724 2304 819 2338 locus
843 2304 1087 2339 munitissimus
1109 2303 1273 2338 Romanis
1298 2303 1343 2337 ad
1365 2304 1491 2338 bellum
1515 2305 1702 2348 gerendum

243 2349 322 2383 usui
344 2353 449 2392 esset,
475 2349 579 2383 urbes
602 2349 686 2382 alias
711 2350 747 2384 vi
770 2351 856 2384 alias
876 2349 1074 2395 proditione
1096 2349 1208 2394 cepit=
1234 2361 1275 2383 ac
1290 2348 1364 2382 'nisi
1388 2361 1409 2383 a
1434 2350 1476 2388 C.
1495 2350 1616 2394 Floro,
1639 2351 1703 2396 qui

241 2394 291 2430 ibi
316 2393 534 2438 hibernabat,
559 2395 731 2429 coercitus
753 2396 888 2439 fuisset,
915 2400 1022 2429 totam
1044 2395 1193 2429 Siciliam
1217 2394 1428 2439 subegisset.

379 2439 423 2476 L.
452 2440 571 2486 Scipio
596 2440 670 2474 eius
693 2441 825 2485 collega
848 2441 1036 2476 exercitum
1057 2441 1093 2475 in
1116 2440 1310 2474 Sardiniam
1334 2444 1371 2474 et
1387 2439 1567 2475 Corsicam
1589 2440 1702 2483 duxit,

241 2484 372 2519 insulas
395 2486 432 2520 in
455 2485 641 2529 Tyrrheno
665 2487 750 2520 mari
774 2487 882 2531 sitas,
917 2492 985 2521 tam
1018 2486 1143 2531 exiguo
1173 2485 1354 2520 intervallo
1379 2490 1560 2530 separatas
1592 2490 1631 2519 ut
1656 2496 1700 2519 ex

243 2531 431 2575 longinquo
456 2543 519 2576 pro
543 2542 610 2566 una
634 2531 838 2566 habeantur.
886 2544 927 2566 ac
956 2532 1100 2578 primum
1125 2531 1287 2565 Corsicae
1311 2531 1468 2586 principe
1490 2531 1576 2564 urbe
1598 2531 1701 2565 Vale-

242 2576 297 2610 ria
321 2576 463 2621 [Aleria]
488 2577 526 2611 vi
550 2583 670 2622 capta,
706 2578 847 2622 reliquis
881 2578 970 2611 citra
1001 2578 1152 2611 laborem
1176 2583 1230 2610 est
1251 2578 1412 2621 potitus.
1445 2577 1481 2610 in
1503 2575 1699 2611 Sardiniam

241 2621 469 2666 navigaturus
494 2633 569 2657 cum
594 2622 734 2657 classem
760 2623 1078 2668 Carthaginiensem
1101 2623 1358 2668 conspexisset,
1381 2623 1417 2656 in
1440 2633 1513 2656 eam
1534 2621 1700 2666 impetum

241 2666 339 2700 fecit.
386 2668 447 2701 sed
472 2679 546 2702 cum
567 2668 627 2702 illa
650 2668 852 2713 priusquam
877 2670 920 2703 ad
943 2679 1059 2703 manus
1082 2668 1260 2703 veniretur
1282 2668 1446 2713 fugisset,
1482 2666 1619 2700 Olbiam
1641 2677 1699 2700 ur—

243 2712 321 2746 bem
345 2711 485 2748 invasit.
525 2713 586 2747 ubi
609 2714 746 2749 navium
771 2714 1105 2760 Carthaginiensium
1129 2718 1317 2758 conspectu
1339 2713 1480 2747 territus
1505 2712 1587 2756 (nec
1609 2711 1699 2746 enim

247 2769 269 2792 a
291 2757 451 2804 peditatu
472 2758 557 2794 satis
581 2759 625 2794 ad
646 2770 796 2806 pugnam
817 2761 960 2806 paratus
984 2760 1078 2805 erat)
1101 2759 1234 2795 domum
1257 2769 1380 2794 versus
1402 2758 1471 2794 iter
1491 2757 1653 2793 intendit.
