1820 3120
887 33 890 35 Δ
1801 0 1811 49 l

275 85 376 134 500
746 84 978 128 IOANNIS
1014 85 1275 128 zoNARAE
1799 56 1814 174 ἢ

415 197 630 251 Καὶμετᾶ
664 201 794 240 ταῦτα
818 198 873 247 εἰς
895 198 1102 240 Γαλατίαν
1124 196 1354 255 ἐξορμήσας
1361 230 1374 252 ,
1408 201 1475 244 καὶ
1498 196 1751 256 λεηλατήσας
1811 221 1820 246 t

275 266 364 310 τινὰ
387 270 467 308 τῶν
490 265 617 322 πέραν
632 262 775 320 Ῥήνου
799 269 880 308 τῶν
905 264 1145 318 ἐνσπόνδων,
1181 266 1358 322 ὠγκοῦτο
1383 265 1439 318 ὥς
1461 284 1500 315 τι
1521 268 1627 325 μέγα
1650 285 1750 312 κατ-
1807 252 1820 322 i

273 331 503 390 ωρθωκώς,
539 334 606 376 καὶ
629 340 714 384 τοῖς
737 332 1006 391 στρατιώταις
1027 333 1225 389 ἐπηύξησε
1247 333 1321 390 τὴν
1341 334 1619 393 μισθοφοράν,
1641 333 1748 391 τάχα
1806 331 1820 406 i

274 403 343 446 διὰ
374 402 447 457 τὴν
479 402 604 456 νίκην.
672 402 785 444 πέντε
820 401 899 457 γὰρ
935 404 1003 450 καὶ
1039 401 1318 458 ἑβδομήκοντα
1354 403 1544 460 δραχμὰς
1575 402 1747 458 ὥράστου

273 469 576 525 λαμβάνοντος,
611 468 754 512 ἑκατὸν
789 470 966 513 ἐκέλευσε
1001 473 1208 514 δίδοσθαι.
1275 473 1570 527 μεταμεληθεὶς
1598 471 1781 527 δὲ’τὴνό

271 540 346 593 μὲν
377 537 582 593 ποσότητα
617 539 689 581 οὐκ
725 539 910 591 ἐμείωσε,
952 538 997 581 τὸ
1040 540 1083 582 δὲ
1116 543 1278 594 πλῆθος
1309 543 1390 583 τῶν
1421 540 1748 597 στρατευομένων

273 607 508 650 συνέστειλε.
577 609 645 648 καὶ
680 605 930 663 ἑκατέρωθεν
952 606 1109 662 μεγάλα
1131 608 1177 650 τὸ
1203 606 1399 663 δημόσιον
1420 608 1601 663 ἔβλαψε,
1634 607 1749 664 μήθ’4

55 689 102 724 W
123 687 160 722 ΙΙ
185 684 252 722 197
277 675 438 725 ἱκανοὺς
459 676 554 725 τοὺς
576 673 802 728 ἀμύνοντας
825 675 957 732 αὐτῷ,
993 677 1061 718 καὶ
1088 675 1256 727 τούτους
1275 678 1607 732 μεγαλομίσθους
1629 675 1750 732 ποιή-

220 754 250 788 C
275 762 362 794 σας.
432 746 499 785 καὶ
532 750 615 792 τοῖς
646 742 920 799 θεραπεύουσι
954 745 998 786 δὲ
1020 746 1087 786 καὶ
1110 751 1194 794 τοῖς
1216 743 1274 799 μή
1283 777 1295 796 ,
1329 745 1576 803 ἀμφοτέροις
1597 742 1749 800 ὁμοίως

271 813 448 868 ἤχθετο,
474 818 557 862 τοῖς
578 812 650 865 μὲν
675 809 730 861 ὡς
753 810 986 855 θωπεύουσι
1000 844 1013 863 ,
1037 819 1120 863 τοῖς
1143 814 1188 855 δὲ
1211 811 1265 863 ὡς
1288 818 1604 870 καταφρονοῦσι.
1634 815 1778 864 νίκαςῑ

274 882 318 923 δὲ
349 881 515 934 ψευδεῖς
548 877 914 936 προσποιούμενος,
948 879 1102 932 ὕπατος
1130 882 1204 936 μὲν
1233 882 1298 923 ἐπ’
1332 881 1400 937 ἔτη
1424 882 1543 934 δέκα,
1579 882 1749 938 τιμητὴς

273 950 317 992 δὲ
341 948 410 991 διὰ
430 950 523 1001 βίου
547 946 858 1005 κεχειροτόνητο.
1596 991 1598 995 ,

409 1019 566 1060 Πολλοὶ
601 1018 644 1058 δὲ
675 1021 756 1059 τῶν
787 1014 992 1059 ὑποτελῶν
1019 1014 1234 1071 Ῥωμαίοις
1267 1018 1512 1075 ἀφίσταντο,
1552 1015 1748 1074 χρήματα

271 1086 416 1139 βιαίως
438 1083 730 1141 πρασσόμενοι,
768 1083 822 1135 ὥς
854 1087 920 1127 καὶ
952 1085 989 1127 οἳ
1015 1089 1284 1139 Νασαμῶνες.
1350 1083 1446 1136 τούς
1475 1103 1519 1130 τε
1553 1086 1632 1143 γὰρ
1665 1091 1747 1129 τῶν

268 1152 492 1210 χρημάτων
531 1152 764 1210 πράκτορας
804 1153 1027 1211 ἴφθειραν,
1083 1156 1149 1196 καὶ
1191 1155 1261 1197 τὸν
1286 1155 1529 1209 ,Νουμιδίας
1567 1153 1775 1211 ἄρχονταΙ

276 1220 466 1264 Φλάκκον
498 1221 721 1264 ἐπελθόντα
753 1223 894 1279 σφίσιν
927 1221 1105 1277 ἥττησαν
1138 1221 1267 1273 οὕτως
1292 1221 1348 1273 ὡς
1371 1227 1582 1279 πορθῆσαι
1605 1225 1675 1267 καὶ
1698 1223 1745 1267 τὸ

273 1288 558 1347 στρατόπεδον.
623 1288 804 1346 εὑρόντες
829 1291 872 1332 δὲ
895 1290 936 1331 ἓν
960 1290 1071 1347 αὐτῷ
1091 1285 1221 1334 τᾶλλά
1243 1309 1285 1334 τε
1309 1289 1513 1347 ἐπιτήδεια
1535 1293 1601 1334 καὶ
1625 1289 1746 1343 οἶνον,

219 1374 252 1410 1)
277 1359 573 1413 ἐμπλησθέντες
609 1357 813 1401 ὕπνωσαν.
881 1360 947 1400 καὶ
983 1359 1101 1414 γνοὺς
1137 1358 1158 1401 ὅ
1198 1358 1388 1410 Φλάκκος
1423 1364 1542 1403 τοῦτο
1578 1360 1745 1403 ἐπέθετο

273 1427 410 1477 αὐτοῖς
431 1428 498 1469 καὶ
521 1425 674 1476 πάντας
693 1425 872 1469 ἀπώλεσε
896 1428 962 1468 καὶ
985 1426 1078 1476 τοὺς
1101 1427 1340 1482 ἀπομάχους
1363 1428 1593 1485 διέφθειρεν
1613 1426 1746 1471 ἅπαν-

272 1513 358 1545 τας.
428 1495 495 1551 ἐφ’
535 1489 567 1553 ᾧ
602 1493 623 1536 ὃ
650 1495 899 1548 Δομετιανὸς
932 1497 1126 1549 ἐπαρθεὶς
1158 1495 1240 1538 εἷπε
1273 1496 1376 1553 πρὸς
1406 1497 1482 1551 τὴν
1502 1497 1658 1550 βουλὴν
1681 1495 1802 1542 ὅτι20

263 1561 559 1618 “Νασαμῶνας
581 1562 764 1606 ἐκώλυσα
789 1562 932 1606 εἷναι.”
1003 1563 1082 1618 ἤδη
1113 1563 1191 1620 γὰρ
1224 1566 1292 1606 καὶ
1322 1565 1420 1615 θεὸς
1451 1565 1564 1619 ἠξίου
1588 1567 1744 1619 νομίζε-

272 1636 398 1683 σθαι,
434 1634 500 1674 καὶ
533 1629 728 1686 δεσπότης
750 1630 996 1685 καλούμενος
1019 1634 1086 1674 καὶ
1110 1632 1209 1683 θεὸς
1231 1631 1544 1690 ὖπερηγάλλετο.
1612 1638 1742 1676 ταῦτα
1794 1667 1799 1673 .

363 1762 385 1796 5
410 1759 664 1816 λαμβάνοντος
690 1760 772 1803 ΑΒ,
798 1757 1058 1806 λαμβάνοντας
1079 1760 1169 1794 PW.
1336 1760 1378 1796 13
1400 1759 1542 1796 Πολλοὶ
1563 1758 1606 1796 δὲ
1630 1782 1673 1788 -
1696 1763 1741 1798 21

365 1803 529 1841 ἐκώλυσα
553 1804 648 1841 εἶναι
680 1818 732 1840 om
758 1807 825 1841 Dio
850 1818 926 1842 exc.
1079 1807 1123 1843 19
1144 1803 1395 1862 ἅπτομάχους
1412 1807 1456 1842 C.
1497 1803 1520 1819 ³
1526 1803 1744 1854 ἀπομάχους
1819 1811 1820 1817 ’

363 1865 442 1887 mss.
468 1853 555 1898 Reg.
580 1857 617 1887 et
639 1849 764 1887 Colb.”
811 1853 1047 1887 Dncmews.
1187 1853 1230 1888 21
1254 1850 1329 1898 ἤδη
1351 1849 1422 1898 γὰρ
1449 1872 1486 1878 -
1511 1865 1549 1900 p.
1576 1855 1643 1890 501
1670 1868 1704 1891 v.
1723 1851 1764 1890 1'

363 1894 543 1944 ἐγράφετο
567 1899 695 1944 partim
718 1910 772 1933 om
795 1899 866 1933 Dio
892 1909 968 1933 exc.

407 2012 447 2045 In
471 2011 619 2046 Galliam
645 2011 824 2057 profectus
847 2015 884 2046 et
907 2016 1004 2047 trans
1037 2012 1192 2046 Rhenum
1222 2022 1324 2057 agros
1354 2023 1473 2047 eorum
1504 2023 1581 2047 curu
1613 2013 1762 2058 quibus-

274 2069 344 2112 pax
366 2058 608 2092 intercedebat
633 2058 838 2103 populatus,
863 2058 964 2104 quasi
987 2069 1025 2092 re
1047 2058 1227 2104 praeclare
1249 2062 1350 2102 gesta
1372 2058 1612 2104 superbiebat,
1638 2063 1741 2094 aucto

272 2104 441 2138 militibus
465 2104 636 2149 stipendio
660 2105 705 2137 ob
731 2105 913 2139 victoriam
935 2103 1083 2138 scilicet.
1125 2116 1202 2138 nam
1228 2115 1304 2138 cum
1325 2104 1376 2138 eis
1400 2109 1635 2150 septuagenae
1660 2105 1742 2150 qui-

272 2161 338 2183 nae
364 2150 547 2184 drachmae
570 2149 810 2193 solverentur,
843 2157 1010 2184 centenas
1042 2150 1115 2183 dari
1145 2149 1258 2186 iussit.
1302 2150 1400 2184 cuius
1433 2151 1629 2195 largitionis
1662 2162 1741 2185 cum

270 2196 525 2240 paenituisset,
567 2195 750 2240 stipendiis
784 2208 852 2230 non
886 2195 1070 2230 imminutis
1103 2196 1164 2230 sed
1197 2205 1338 2230 numero
1370 2196 1513 2230 militum
1544 2200 1742 2239 contracto,

271 2246 422 2287 utraque
446 2254 486 2275 re
509 2241 560 2275 rei
585 2241 742 2285 publicae
766 2242 905 2276 multum
929 2241 1211 2284 incommodavit,
1239 2242 1333 2286 quod
1356 2253 1420 2277 nec
1443 2242 1529 2276 satis
1557 2247 1657 2276 erant
1679 2242 1738 2287 qui

273 2298 348 2320 eam
373 2288 618 2328 defenderent,
644 2293 680 2322 et
702 2299 825 2331 magna
847 2288 1025 2333 stipendia
1050 2288 1279 2332 accipiebant.
1327 2298 1387 2321 eos
1418 2299 1439 2321 a
1467 2288 1593 2333 quibus
1617 2288 1739 2322 obser-

271 2334 423 2368 vabatur
445 2338 481 2367 et
506 2345 527 2368 a
549 2333 676 2378 quibus
704 2334 948 2378 negligebatur
970 2345 1014 2367 ex
1036 2344 1146 2378 aequo
1172 2334 1313 2376 oderat,
1347 2333 1476 2367 alteros
1507 2338 1547 2368 ut
1577 2334 1743 2373 adulato-

271 2389 347 2422 res,
384 2379 513 2413 alteros
546 2385 586 2412 ut
619 2385 890 2424 contemptores.
937 2379 1034 2413 falsis
1063 2379 1223 2414 victoriis
1250 2379 1423 2414 iactandis
1456 2380 1668 2414 consulatum
1700 2379 1738 2414 in

271 2424 488 2467 decennium,
511 2436 690 2459 censuram
714 2437 778 2470 per
799 2437 930 2460 omnem
953 2429 1103 2459 aetatem
1128 2425 1276 2471 accepit.

409 2470 512 2505 Multi
536 2470 771 2516 provinciales
792 2472 835 2505 ob
860 2472 1030 2506 violentas
1050 2472 1248 2504 exactiones
1271 2471 1487 2516 defecerunt,
1510 2475 1550 2505 ut
1564 2471 1737 2505 Nasamo-

272 2526 355 2549 nes:
390 2517 450 2561 qui
473 2521 509 2550 et
531 2523 737 2562 quaestores
760 2518 978 2561 occiderunt,
1011 2521 1048 2551 et
1069 2517 1254 2551 Numidiae
1276 2522 1476 2562 praetorem
1500 2517 1660 2551 Flaccum
1683 2517 1737 2552 ita.

271 2561 432 2595 vicerunt
455 2567 494 2596 ut
517 2564 644 2597 castris
668 2563 743 2597 eius
768 2564 977 2608 potirentur.
1023 2563 1060 2596 in
1092 2563 1217 2608 quibus
1250 2574 1324 2597 cum
1349 2569 1492 2608 praeter
1515 2562 1582 2596 alia
1604 2563 1736 2597 cibaria
1799 2577 1803 2580 -

269 2606 343 2639 vini
368 2619 504 2652 quoque
527 2609 658 2654 copiam
682 2610 938 2664 repperissent,
962 2609 1129 2643 inebriati
1152 2609 1447 2644 obdormiverunt.
1494 2619 1562 2654 quo
1586 2609 1736 2643 Flaccus

268 2653 407 2696 cognito
432 2665 492 2688 eos
517 2666 701 2700 aggressus
723 2655 963 2689 internecione
987 2655 1135 2698 delevit,
1170 2665 1212 2689 ac
1242 2666 1284 2689 ne
1307 2655 1437 2689 imbelli
1461 2654 1597 2699 quidem
1623 2655 1736 2688 aetati
1783 2690 1787 2702 ,1
1814 2683 1820 2693 ,

266 2700 439 2742 pepercit.
487 2711 556 2744 quo
580 2712 744 2736 successu
767 2702 879 2736 elatus
902 2702 1121 2736 Domitianus
1152 2701 1196 2735 ad
1225 2706 1383 2735 senatum
1413 2700 1522 2743 dixit,
1557 2711 1595 2734 se
1618 2700 1737 2734 Nasa-
1788 2702 1820 2745 ’ξι

265 2743 423 2779 monibus
447 2745 522 2781 vita
545 2746 779 2783 interdixisse.
803 2748 873 2783 iam
895 2748 986 2783 enim
1009 2748 1108 2783 deum
1131 2758 1170 2782 se
1191 2747 1372 2793 perhiberi
1395 2747 1546 2791 volebat,
1573 2749 1610 2781 et
1633 2745 1735 2780 deum
1798 2750 1820 2789 J·
