1820 3120
284 116 382 161 214
757 112 983 157 IOANNIS
1012 113 1270 156 ZONARAE

280 228 382 271 αὐτὰ
415 226 560 280 συνέβη
575 258 588 278 ,
629 227 842 270 κατέδεισε.
917 228 983 268 καὶ
1016 227 1325 282 προσεκπλαγεὶς
1355 225 1416 269 ὅτι
1445 228 1488 270 ἐν
1517 227 1737 286 τηλικούτῳ

278 294 446 351 κινδύνῳ
479 293 588 344 ὄντες
620 293 710 337 οὕτε
740 293 1015 350 τῆςΚαπῦης
1045 294 1272 348 ἀπέστησαν
1303 296 1368 335 καὶ
1402 295 1442 344 ἒς
1471 296 1543 348 τὴν
1557 295 1736 352 Ἰβηρίαν

279 364 345 404 καὶ
367 352 615 417 στρατιώτας
644 365 710 405 καὶ
735 361 956 419 στρατηγὸν
978 362 1150 415 πέμψειν
1173 361 1336 415 Ξζιιελλον
1347 393 1361 413 ,
1395 363 1462 404 καὶ
1493 359 1735 422 ὅττῗρημά-

279 447 358 472 των
382 430 590 484 δεηθέντες
612 429 820 486 ἑπώλησαν
845 429 947 472 ἄλλα
969 447 1011 472 τε
1034 431 1101 471 καὶ
1133 428 1179 471 τὸ
1207 431 1356 485 χωρίον
1378 423 1474 488 {aar}
1496 430 1734 487 ἐστρῦτοπε-

278 496 411 541 δεύετο
435 496 629 552 δημόσιον
651 498 709 549 ὅν,
744 500 810 540 καὶ
835 496 1053 553 ἀπογνούς,
1085 497 1308 551 ἀπανέστη,
1343 495 1534 548 πολλάκις
1553 492 1767 554 wasseri-5

276 583 351 616 σας
376 561 439 608 “15
470 565 626 609 Κάνναι
651 565 840 609 Κάνναι.”
911 567 979 608 καὶ
1013 566 1106 608 οὐδὲ
1135 569 1185 622 τῇ
1208 563 1358 622 Καπύῃ
1390 564 1449 609 ἴτ’
1475 566 1735 624 ἐπικουρῆσαι

275 634 487 689 ἠθέλησεν.
1380 652 1382 656 ’
1566 650 1570 653 “
1626 679 1629 685 ,
1668 647 1672 662 -’

92 705 121 739 Ρ
142 705 162 739 Ι
184 706 254 744 427
293 717 295 721 ·
413 702 466 744 Oi
495 701 540 742 δὲ
568 699 772 756 καίπερέν
795 698 1104 750 ἀσθενεστάτοις
1127 699 1235 751 ὄντες
1246 732 1258 752 ,
1293 698 1404 754 ὅμως
1419 698 1660 758 Δἀπογνόντες
1682 699 1738 752 ὥς

278 770 325 812 οὗ
350 768 576 823 τευξόμενοι
599 767 834 823 συγγνώμης
855 769 966 826 παρὰ
984 767 1199 822 “Ρωμαίων
1217 769 1408 823 ἀντεῖχον,
1425 770 1567 827 καὶτῷ
1576 763 1736 830 Ἀννίβα

278 837 516 887 ἐπέστειλαν,
549 835 772 890 βοηθήσειν
794 837 929 895 αὐτοῖς
953 837 1163 888 ἀξιοῦντες.
1209 837 1508 894 συλληφθέντες
1531 838 1575 880 δὲ
1595 837 1634 880 οἱ
1655 841 1736 880 τῶν
1746 845 1792 881 10

278 907 497 947 ἐπιστολῶν
528 906 715 958 κομισταὶ
745 905 857 961 παρὰ
887 909 960 948 τοῦ
986 903 1176 964 Φλάκκου
1207 904 1247 960 (ὃ
1275 905 1353 962 γὰρ
1384 903 1590 956 Κλαύδιος
1623 905 1736 962 ἴφθη

278 973 483 1026 τεθνηκώς
506 973 547 1013 ἐκ
570 976 641 1013 τοῦ
665 971 910 1028 τραύματος)
934 973 1006 1023 τὰς
1019 979 1159 1029 χεῖρας
1175 972 1483 1028 ἀπετμήθησαν.·
1508 991 1510 997 ·
1547 972 1618 1024 οὓς
1628 972 1738 1017 ἰδόν-

277 1059 340 1091 τες
376 1041 413 1082 οἳ
441 1041 659 1095 Καμπανοὶ
694 1043 830 1090 δεινῶς
853 1039 1155 1096 κατεπλάγησαν
1186 1043 1250 1083 καὶ
1275 1039 1296 1083 ὅ
1319 1058 1356 1083 τι
1379 1038 1597 1094 πράξουσιν
1618 1043 1751 1095 ἐβου-

277 1107 449 1151 λεύοντο.
530 1108 751 1162 λεχθέντων
782 1110 826 1151 δὲ
855 1112 1034 1160 πολλῶν,
1080 1108 1249 1162 Ἰούβιός
1286 1126 1347 1159 τις
1381 1109 1629 1166 Οὖΐρὶοςὲν
1648 1115 1739 1159 ’τοῖς

277 1174 449 1233 πρώτοις
482 1176 614 1218 αὐτῶν
650 1175 705 1218 ὢν
739 1178 806 1218 καὶ
841 1181 912 1231 τῆς
947 1175 1204 1228 ἀποστάσεως
1240 1175 1607 1232 αἲτιῶτατοςαμία
1631 1175 1735 1232 ἡμῖν
1746 1188 1790 1223 15

275 1245 409 1287 ἔστιν”
446 1244 523 1301 ἔφη
551 1242 794 1301 “καταφυγὴ
829 1247 894 1286 καὶ
918 1245 1128 1301 ἐλευθερία
1152 1243 1173 1287 ὅ
1196 1243 1390 1296 θάνατος.
1457 1244 1528 1288 καί
1545 1245 1738 1300 μὀίάκο-

275 1310 504 1366 λουθήσατε
528 1312 685 1353 οἴκαδε·
721 1311 797 1366 ἔχω
819 1310 897 1367 γάρ
920 1330 958 1354 τι
981 1311 1197 1369 φάρμακον
1220 1304 1624 1370 παρεσκευασμένον.”
1669 1315 1738 1355 καὶ

226 1388 254 1421 Β
279 1378 299 1422 ὅ
331 1381 404 1434 μὲν
435 1379 684 1436 παραλαβὼν
717 1380 810 1429 τοὺς
844 1379 952 1436 αὐτῷ
985 1381 1221 1430 πεισθέντας
1252 1379 1441 1430 ἑκουσίως
1463 1381 1640 1423 ἀπέθανε
1662 1381 1737 1424 σὺν

274 1448 434 1498 αὐτοῖς,
469 1449 537 1489 καὶ
569 1448 606 1488 οἳ
639 1450 768 1489 λοιποὶ
799 1447 873 1497 τὰς
904 1446 1032 1498 πύλας
1063 1447 1382 1506 τοΐςἿῗωμαίοις
1403 1449 1600 1506 ἀνέῳξαν·
1647 1447 1668 1492 ὃ
1693 1449 1738 1490 δὲ

276 1514 463 1565 Φλάκκος
485 1513 536 1558 τά
558 1532 601 1557 τε
623 1514 727 1557 ὅπλα
751 1515 882 1558 αὐτῶν
907 1517 974 1557 καὶ
997 1516 1047 1559 τὰ
1067 1515 1258 1572 χρήματα
1281 1515 1413 1560 πάντα
1436 1517 1633 1573 ἀφείλετο,
1667 1518 1790 1560 καὶ20

272 1589 351 1626 τῶν
382 1583 541 1639 ἀνδρῶν
567 1587 647 1626 τῶν
676 1585 908 1640 κορυφαίων
939 1583 1033 1633 τοὺς
1066 1585 1139 1638 μὲν
1170 1585 1366 1628 ἀπέκτεινε
1397 1584 1492 1634 τοὺς
1524 1586 1568 1627 δὲ
1601 1586 1641 1634 ἐς
1662 1585 1735 1639 τὴν

270 1650 434 1707 “Ρώμην
468 1651 647 1706 ἔπεμψε,
688 1650 822 1705 μόνων
856 1652 897 1693 δ’
933 1652 1124 1706 ἀπέσχετο
1156 1657 1236 1695 τῶν
1265 1654 1308 1695 ἐκ
1344 1657 1418 1696 τοῦ
1449 1650 1590 1707 ὁμίλου
1621 1669 1734 1709 περι-

364 1827 386 1860 4
409 1821 763 1869 ἐστρατοπεδεύσατο
784 1828 824 1861 Α.
917 1826 940 1861 5
963 1830 1045 1861 ante
1060 1821 1240 1865 ’πολλάκις
1262 1825 1290 1858 Β
1314 1824 1382 1859 add
1404 1824 1480 1864 καὶ,
1573 1827 1620 1863 10
1642 1823 1734 1861 ἀπέ-

363 1873 506 1906 στειλαν
528 1872 568 1905 C.
653 1872 698 1906 14
725 1867 878 1917 Οὔΐβιός
900 1883 955 1912 τις
981 1868 1156 1917 Οὐΐρριος
1176 1871 1360 1904 secundum
1383 1870 1535 1909 Livium.
1607 1874 1651 1910 15
1666 1873 1735 1918 μία

364 1914 431 1960 μέν
456 1912 530 1951 ἐστι
553 1914 748 1961 καταφυγὴ
771 1914 842 1962 ἔφη
867 1914 930 1951 καὶ
952 1917 995 1952 Α.
1135 1915 1180 1953 18
1202 1911 1368 1956 ἑκούσιος
1387 1916 1461 1953 ΔΟ.

273 2086 313 2108 eo
339 2075 601 2119 obstupefactus
630 2074 722 2120 quod
745 2073 889 2110 Romani
921 2075 957 2109 in
985 2077 1083 2108 tanto
1107 2074 1303 2109 discrimine
1326 2074 1506 2108 constituti
1529 2085 1640 2119 neque
1666 2075 1737 2109 Ca-

270 2131 372 2164 puam
396 2120 633 2165 relinquerent
659 2125 693 2154 et
714 2124 908 2165 praetorem
924 2131 997 2154 cum
1012 2121 1176 2155 militibus
1192 2121 1226 2154 in
1245 2120 1443 2169 Hispaniam
1460 2119 1595 2154 missuri
1605 2126 1734 2163 essent,
1758 2164 1762 2166 .

270 2170 308 2199 et
340 2166 430 2210 quod
462 2165 606 2210 pecunia
641 2172 784 2211 egentes
814 2171 953 2211 praeter
982 2166 1049 2199 alia
1077 2166 1158 2200 illud
1188 2165 1290 2199 etiam
1315 2166 1423 2200 solum
1447 2165 1576 2210 publici
1599 2166 1674 2210 agri
1696 2166 1734 2200 in

270 2221 338 2255 quo
369 2215 481 2245 castra
517 2211 669 2245 habebat
698 2211 962 2254 vendidissent3
1005 2211 1256 2257 desperataque
1289 2211 1542 2256 expugnatione
1563 2212 1732 2255 recessit,

270 2256 415 2290 subinde
450 2257 641 2290 exclamans
675 2254 722 2292 “o
758 2258 901 2292 Cannae
927 2254 1102 2293 Cannae.''
1137 2268 1178 2291 ac
1209 2269 1252 2291 ne
1283 2257 1427 2302 Capuae
1461 2257 1599 2302 quidem
1634 2268 1734 2303 opem

270 2302 413 2347 amplius
436 2302 530 2336 ferre
554 2302 674 2336 voluit.
835 2315 837 2318 ·
1736 2322 1739 2325 ¹

406 2348 575 2393 Campani
598 2359 683 2381 vero
706 2359 900 2393 quanquam
924 2348 968 2382 ad
994 2358 1140 2381 summas
1163 2346 1341 2392 angustias
1370 2347 1505 2380 redacti
1533 2351 1647 2381 tamen
1671 2347 1734 2381 de-

269 2397 409 2437 sperata
432 2394 532 2428 venia
556 2393 771 2437 restiterunt,
797 2394 924 2428 auxilio
947 2392 1153 2427 Hannibalis
1184 2404 1247 2437 per
1269 2392 1402 2426 litteras
1425 2393 1622 2438 implorato.
1669 2393 1734 2427 sed

269 2439 437 2473 tabellarii
462 2450 484 2472 a
508 2439 634 2472 Flacco
658 2440 892 2485 comprehensi
915 2440 1008 2484 (nam
1028 2437 1192 2472 Claudius
1211 2449 1254 2471 ex
1277 2438 1419 2472 vulnere
1434 2438 1501 2471 iam
1515 2438 1733 2480 decesserat)

269 2484 425 2518 manibus
448 2484 599 2519 truncati
620 2491 713 2518 sunt.
761 2497 828 2530 quo
856 2486 940 2519 Cam
967 2484 1022 2518 ani
1044 2483 1119 2518 viso
1144 2483 1294 2528 perculsi
1317 2483 1361 2517 de
1385 2494 1513 2517 summa
1536 2494 1648 2516 rerum
1672 2483 1735 2516 de-

269 2530 476 2564 liberabant.
522 2530 634 2563 multis
666 2531 782 2564 verbis
814 2531 917 2565 factis
966 2529 1065 2564 ubius
1092 2529 1210 2562 Virius
1233 2529 1288 2562 vir
1310 2530 1493 2578 princeps,
1524 2527 1732 2562 defectionis

268 2575 474 2620 praecipuus
499 2580 631 2618 auctor,
650 2571 809 2610 “unum’'
834 2576 945 2622 inquit
961 2572 1090 2609 “nobis
1111 2574 1305 2618 confugium
1329 2580 1365 2608 et
1376 2575 1519 2608 libertas
1537 2579 1604 2616 est,
1627 2585 1732 2607 mors.

268 2632 332 2654 vos
366 2633 418 2655 me
441 2621 574 2655 domum
599 2621 800 2664 sequimini:
834 2632 1005 2656 venenum
1028 2620 1116 2653 enim
1139 2624 1383 2664 praeparatum
1406 2613 1552 2653 habeo?
1596 2618 1646 2652 sic
1671 2620 1734 2652 ab·

268 2666 381 2700 ductis
404 2667 446 2700 iis
469 2677 583 2700 secum
609 2667 733 2711 quibus
756 2678 798 2701 ea
819 2667 991 2702 sententia
1013 2665 1183 2711 placebat,
1200 2664 1278 2699 'una
1301 2676 1374 2699 cum
1402 2665 1470 2699 illis
1492 2664 1583 2697 ultro
1609 2664 1733 2709 periit:

268 2711 402 2745 caeteri
431 2717 551 2757 portas
573 2712 739 2746 Romanis
773 2716 994 2758 aperuerunt.
1039 2711 1163 2755 quibus
1189 2711 1336 2745 Flaccus
1362 2721 1456 2744 arma
1477 2709 1590 2743 omnia
1612 2713 1650 2743 et
1670 2721 1732 2754 pe-

269 2757 401 2791 cuniam
434 2769 565 2792 omnem
589 2757 734 2800 ademit,
767 2764 802 2792 et
829 2758 1019 2804 principum
1042 2756 1195 2791 virorum
1220 2755 1306 2790 alios
1331 2755 1458 2791 occidit
1479 2755 1566 2789 alios
1590 2755 1731 2789 Romam
