1820 3120
244 109 344 157 308
716 108 946 154 IOANNIS
979 107 1241 153 ZONARAE

242 223 388 280 στέρας
413 219 621 275 δυνάμεως
630 246 643 279 ,-
678 221 912 273 ἀποκτείνας
945 222 1039 272 τοὺς
1071 220 1300 279 ἀχρήστους
1329 224 1395 264 καὶ
1428 222 1523 273 τοὺς
1540 225 1710 268 νοσοῦν-

241 308 329 340 τας.
395 289 709 344 καταλαβὼνδὲ
733 290 857 334 αὐτὸν
879 293 968 347 περὶ
983 290 1062 341 ,τὸν
1087 288 1311 347 Εὐφράτην
1335 288 1356 332 ὅ
1377 289 1616 346 Πομπήϊος,
1640 291 1713 338 ἰ’να,

241 358 300 414 μὴ
333 355 481 415 φθάσῃ
511 355 692 415 περάσας
723 358 793 401 τὸν
824 357 1022 412 ποταμόν,
1066 359 1109 400 ἐκ
1139 359 1273 413 μέσων
1303 362 1459 401 νυκτῶν
1489 358 1608 415 ἐπῆγε
1636 357 1711 413 τὴν

242 424 449 483 στρατιάν.
514 421 565 481 ἦν
589 421 660 470 οὖν
678 426 835 482 ἀνάγκη
858 425 957 484 ὑπὲρ
980 431 1052 469 τοῦ
1069 425 1255 484 χάρακος
1274 424 1498 481 μάχεσθαι.
1563 425 1709 482 σελήνη

243 495 284 536 δ’
309 489 359 549 ἦν
381 495 711 551 καταφερομένη,
756 488 778 537 ὃ
802 496 897 545 τοὺς
916 495 1152 549 βασιλικοὺς
1174 494 1368 552 ἔσφηλεν·
1409 492 1517 549 εἶχον
1536 493 1612 548 μὲν
1631 493 1743 551 γὰρὸ

241 562 345 605 κατὰ
368 561 497 605 νώτου
521 563 595 617 τὴν
617 562 788 618 σελήνην
807 561 1021 617 Ῥωμαῖοι,
1065 562 1146 618 ἤδη
1181 565 1226 606 δὲ
1256 564 1346 620 περὶ
1378 560 1492 606 δύσιν
1522 561 1647 618 οὔσης
1667 558 1712 605 αἱ

241 632 350 674 σκιαὶ
381 634 463 673 τῶν
496 628 696 685 σωμάτων
727 630 909 689 πρόσθεν
939 622 1153 688 προϊοῦσαι
1185 630 1287 674 πολὺ
1323 628 1487 686 δόκησιν
1521 637 1712 688 παρεῖχον

241 705 326 749 τοῖς
356 699 563 754 πολεμιόις
591 700 752 755 ἐγγίζειν
781 700 877 750 τοὺς
902 697 1128 754 Ῥωμαίους
1151 700 1311 751 αὐτοῖς,
1356 701 1424 742 καὶ
1445 698 1542 750 τούς
1560 697 1714 749 ὖσσοῦς

185 777 216 812 Β
241 766 408 824 ἀφέντες
441 768 624 824 ἐφίκοντο
659 766 842 818 οὐδενός·
884 767 907 810 ὃ
939 767 1166 819 συνιδόντες
1192 766 1382 822 Ῥωμαῖοι
1404 768 1509 823 μετὰ
1533 770 1713 826 κραυγῆς

237 836 555 892 ἐπέδραμον-καὶ
580 833 801 892 φεύγοντας
823 836 1007 889 ἔκτεινον,
1043 836 1097 887 ὥς
1122 837 1226 880 πολὺ
1248 837 1409 887 πλειόυς
1428 836 1586 894 μυρίων
1607 835 1711 878 ἀπο·
1721 841 1767 878 10

237 907 392 946 θανεῖν.
461 902 585 953 αὐτὸς
609 904 653 945 δὲ
675 903 947 961 Μιθριδάτης
967 905 1071 960 μετὰ
1093 894 1284 948 πλειόνών
1307 905 1485 962 διέφυγε.

373 970 592 1026 Πομπήϊος
625 972 670 1014 δὲ
707 975 762 1024 εἷς
789 974 1001 1030 Ἀρμενίαν
1037 974 1197 1027 ἐνέβαλε
1207 1006 1221 1026 ,
1267 977 1342 1017 τοῦ
1375 973 1465 1022 νέου
1505 967 1712 1028 Τιγράνου

236 1042 456 1090 καλοῦντος
480 1039 625 1083 αὐτόν·
661 1040 740 1096 ἤδη
764 1041 843 1097 γὰρ
869 1040 1101 1099 ἀφειστήκει
1125 1046 1197 1084 τοῦ
1221 1039 1388 1099 πατρός.
1456 1038 1479 1084 ὅ
1513 1040 1558 1082 δὲ
1588 1043 1712 1093 βασι-

235 1108 328 1158 λεὺς
352 1106 557 1165 Τιγράνης
578 1106 657 1150 ὑπὸ
680 1108 899 1152 Λευκόλου
922 1110 1275 1167 συντετριμμένος,
1307 1109 1458 1166 ἥμερον
1482 1109 1527 1150 δὲ
1547 1111 1712 1150 πυνθα-

235 1174 403 1230 νόμενος
425 1177 494 1221 τὸν
516 1175 748 1232 Πομπήϊον,
784 1177 929 1229 ἑαυτόν
949 1194 990 1222 τε
1015 1179 1222 1235 παρέδωκε
1245 1181 1311 1221 καὶ
1337 1177 1523 1236 φρουρὰν
1545 1175 1708 1227 ἐδέξατο
1721 1185 1765 1221 15

235 1247 326 1301 περὶ
368 1244 420 1286 τὰ
459 1246 657 1298 βασίλεια.
726 1247 905 1303 προσιὼν
940 1248 984 1289 δὲ
1019 1253 1076 1306 τῷ
1111 1249 1321 1304 Πομπηΐῳ
1359 1245 1433 1302 τήν
1471 1261 1514 1288 τε
1543 1245 1712 1301 ’κίδαριν

238 1313 380 1369 ἀφεῖλε
413 1317 486 1367 τῆς
516 1318 696 1370 κεφαλῆς
717 1317 783 1356 καὶ
807 1314 970 1373 ὥρμησε
994 1316 1072 1373 πρὸ
1097 1319 1233 1358 ποδῶν
1255 1315 1382 1369 αὐτὴν
1403 1315 1712 1356 ἐκείνου-θεῖναι
1819 1370 1820 1375 1

184 1391 215 1426 c
241 1383 306 1423 καὶ
348 1386 592 1435 καταβαλεῖν
632 1381 789 1426 ἔαυτόν.
858 1384 951 1426 ἀλλ’
990 1383 1011 1426 ὁ
1049 1384 1267 1439 Πομπήϊος
1300 1375 1385 1438 τῆς.
1413 1385 1546 1433 δεξιᾶς
1584 1381 1712 1424 αὐτοῦ
1819 1377 1820 1420 Ῑ

236 1447 462 1503 λαβόμενος
495 1449 768 1507 προσηγάγετο
801 1454 869 1494 καὶ
902 1454 1072 1508 πλησίον
1106 1451 1300 1510 ἱδρύσατο
1310 1482 1324 1504 ,
1368 1451 1438 1494 τὸν
1474 1450 1519 1493 δ’
1559 1450 1710 1492 ἐκείνου
1771 1443 1773 1445 ’

234 1518 324 1560 υἱὸν
347 1519 410 1559 ἐπὶ
434 1516 615 1576 θάτερα,
650 1522 717 1561 καὶ
741 1518 821 1563 εἷπε
844 1525 924 1564 τῶν
945 1522 1020 1576 μὲν
1043 1521 1176 1564 ἄλλων
1200 1523 1282 1564 δεῖν
1306 1522 1520 1562 αἲτιᾶσθαι
1541 1515 1707 1561 Λεύκο-
1718 1523 1766 1559 20
1819 1528 1820 1531 ’

236 1589 305 1628 λον
341 1582 431 1641 (ὕπ’
464 1588 613 1629 ἐκείνου
643 1589 722 1645 γὰρ
746 1588 992 1646 ἀφῃρῆσθαι
1016 1592 1169 1647 Συρίαν
1195 1590 1386 1644 Φοινίκην
1409 1588 1599 1630 Κιλικίαν
1620 1587 1662 1627 Γ
1659 1603 1709 1628 α-
1751 1585 1754 1589 ’

234 1655 375 1697 λατιάν
397 1653 640 1712 Σωφήνην),
677 1656 704 1698 ἃ
737 1658 780 1700 δὲ
811 1657 928 1716 ἄχρις
952 1659 1078 1702 αὐτοῦ
1102 1656 1383 1717 διατετήρηται
1407 1657 1518 1708 ἕξειν,
1554 1652 1709 1712 Σωφὴ-
1755 1650 1758 1652 ’

327 1807 349 1840 2
374 1803 416 1852 δὲ
441 1802 557 1840 αὐτὸν
581 1817 635 1840 011¹
663 1807 705 1845 A.
853 1809 876 1843 3
902 1808 1058 1853 φθάσας
1078 1809 1222 1855 περάση
1249 1810 1292 1845 Β.
1431 1809 1454 1844 5
1479 1803 1636 1853 ἔσφαλεν
1662 1799 1706 1841 C.

326 1850 370 1886 16
393 1850 547 1895 κύταριυ
563 1852 602 1896 Β,
627 1853 771 1894 κίταριν
786 1855 1008 1893 Plutarchus.
1101 1858 1146 1892 21
1170 1852 1373 1902 ἀφῄρησθε
1387 1855 1430 1891 A.
1519 1851 1570 1888 22
1588 1848 1708 1899 potius

326 1895 516 1943 Σωφηνήν
541 1903 578 1932 et
600 1910 678 1933 ¹¹¹⁰X
702 1899 902 1945 Σωφηνῆς.
1043 1901 1305 1948 διατετήρηκεν
1326 1899 1548 1936 Plutarchus.
1609 1952 1613 1957 Ι

234 2034 406 2068 exercitus
433 2034 570 2079 elapsus
595 2038 668 2078 est,
695 2034 880 2070 inutilibus
906 2041 944 2072 et
966 2039 1120 2083 aegrotis
1142 2037 1351 2073 interfectis.
1398 2047 1500 2082 quem
1521 2034 1709 2080 Pompeius

234 2081 328 2114 circa
345 2080 557 2125 Euphratem
581 2088 771 2126 assecutus,
794 2083 921 2117 timens
945 2096 988 2118 ne
1013 2086 1139 2119 flumen
1162 2084 1354 2126 traiiceret,
1379 2082 1588 2128 intempesta
1605 2086 1710 2114 nocte‘

234 2125 355 2159 eduxit
386 2127 590 2162 exercitum.
637 2127 687 2161 ibi
710 2140 856 2162 necesse
879 2135 957 2164 erat
981 2141 1044 2175 pro
1069 2131 1162 2165 vallo
1186 2127 1340 2172 certare,
1376 2128 1582 2172 lunaresque
1615 2125 1710 2160 radii

232 2172 422 2205 turbabant
444 2172 572 2216 regios.
623 2184 699 2207 nam
726 2173 874 2208 Romani
901 2176 1013 2210 lunam
1043 2177 1179 2210 iamiam
1207 2176 1384 2210 occi-duam
1414 2185 1436 2208 a
1465 2179 1567 2217 tergo
1596 2173 1707 2207 habe-

232 2219 333 2261 bant,
372 2218 465 2251 unde
500 2229 682 2262 corporum
713 2220 855 2254 umbrae
879 2220 982 2267 longe
1006 2229 1200 2256 antrorsum
1224 2222 1401 2268 proiectae
1424 2219 1618 2265 opinionem
1643 2217 1708 2252 ho-

232 2263 345 2297 stibus
378 2263 573 2297 afferebant
604 2275 664 2297 eos
695 2265 728 2298 in
764 2266 960 2312 propinquo
993 2279 1081 2304 esse.
1142 2269 1219 2302 telis
1242 2267 1352 2312 igitur
1374 2267 1547 2300 incassum
1573 2263 1709 2298 emissis

233 2309 456 2353 attingebant
484 2309 663 2344 neminem.
713 2310 779 2344 hoc
802 2311 949 2346 Romani
975 2314 1228 2357 animadverso,
1252 2315 1400 2347 clamore
1424 2311 1563 2345 sublato
1587 2320 1709 2344 accur-

232 2360 374 2398 rerunt,
414 2359 451 2388 et
475 2355 564 2389 ultra
589 2355 707 2390 decem
731 2357 826 2391 milia
848 2358 885 2392 in
909 2360 995 2404 fuga
1018 2360 1232 2394 ceciderunt.
1279 2359 1356 2403 ipse
1379 2357 1606 2392 Mithridates
1629 2365 1707 2389 cum

230 2400 390 2445 pluribus
415 2401 552 2445 effugit.
1650 2402 1656 2408 '

368 2446 553 2491 Pompeius
576 2458 663 2480 vero
688 2447 723 2480 in
740 2446 935 2484 Armeniam
958 2450 1217 2495 impressionem
1236 2450 1335 2492 fecit,
1360 2461 1381 2483 a
1397 2449 1555 2494 Tigrane
1570 2445 1708 2480 iuniore

233 2491 439 2526 arcessitusz
470 2492 537 2525 iam
568 2492 658 2527 enim
682 2504 702 2526 a
724 2498 826 2538 patre
859 2496 1047 2533 defecerat.
1096 2503 1133 2530 at
1156 2507 1219 2530 rex
1243 2496 1418 2540 Tigranes
1443 2506 1464 2528 a
1486 2492 1628 2527 Lucullo
1654 2496 1707 2524 at-

231 2538 354 2578 tritum,
385 2537 599 2572 humanitate
621 2537 779 2584 Pompeii
803 2540 924 2575 audita
948 2542 1158 2581 deditionem
1184 2541 1290 2584 fecit,
1315 2541 1494 2586 praesidio
1517 2540 1554 2573 in
1576 2537 1706 2582 regiam

232 2589 389 2627 accepto.
438 2583 482 2617 ad
512 2583 712 2628 Pompeium
745 2586 913 2620 accedens
950 2587 1092 2621 cidarim
1123 2587 1229 2632 capiti
1260 2587 1453 2621 detractam
1486 2589 1567 2619 ante
1598 2583 1707 2630 pedes

232 2628 326 2662 illius
351 2628 522 2663 collocare
548 2633 585 2662 et
608 2630 698 2664 humi
721 2634 951 2675 procumbere
976 2634 1108 2667 voluit:
1133 2634 1194 2667 sed
1219 2633 1405 2678 Pompeius
1428 2631 1602 2677 prehensa
1624 2629 1708 2663 dex·-

232 2679 329 2716 τοι-ιι,
355 2686 396 2707 eo
422 2675 520 2708 iuxta
544 2686 601 2717 se,
625 2675 696 2709 filio
721 2677 796 2711 eius
820 2689 865 2711 ex
888 2679 1000 2713 altera
1023 2686 1125 2724 parte
1149 2679 1334 2722 collocato,
1358 2679 1449 2712 dixit
1472 2682 1611 2711 caetera
1634 2675 1707 2708 Lu-

234 2719 323 2753 cullo
348 2730 425 2754 esse
449 2721 697 2766 adscribenda,
730 2733 752 2756 a
782 2733 851 2767 quo
875 2724 910 2758 ei
932 2725 1097 2770 adempta
1122 2727 1215 2758 esset
1238 2725 1347 2768 Syria
1370 2723 1556 2758 Phoenicia
1579 2719 1706 2756 cilicia

235 2765 373 2801 Galatia
397 2766 580 2812 Sophene3
616 2778 707 2813 quae
733 2779 817 2803 vero
843 2769 889 2804 ad
912 2781 1009 2805 suum
1033 2781 1143 2817 usque
1166 2771 1349 2806 adventum
1373 2773 1637 2812 conservasset,
1662 2777 1705 2801 ea
