1786 3120
71 948 158 983 1²24

173 104 273 152 642
773 103 982 148 NOTAE.

286 227 326 266 p.
351 213 434 255 526
463 223 498 249 V.
530 211 596 252 13.
649 208 720 250 καὶ
751 209 856 265 πρός
884 227 955 253 τον
985 208 1132 265 ευσεβῆ
1158 207 1418 265 Ἀντωνῖνον]
1449 215 1505 254 sic
1534 215 1649 255 etiam

173 271 362 311 Eusebius
398 269 462 307 lib.
501 264 528 306 4
568 279 650 318 cap.
687 267 761 318 13,
810 270 879 307 sed
917 270 953 307 d.
989 269 1120 307 Marco
1158 272 1419 321 reponendum
1454 273 1651 311 contendit

173 327 360 367 Valesius.
404 325 503 362 hunc
528 323 695 362 consule.
738 323 841 363 Duc.

284 397 324 434 p.
355 381 438 422 526
468 393 502 417 v-
536 380 600 420 19.
656 377 899 434 φιλοσόφου]
931 380 1029 431 [nam
1062 381 1164 431 apud
1188 380 1363 419 Wolfium
1398 382 1528 421 titulus
1551 381 1651 425 adc-

175 439 292 492 αρχία
328 434 506 490 Μαρκου
537 431 781 477 Ἀντωνίνου
817 440 893 478 τοῦ
933 436 1175 489 φιλοσόφου]
1219 437 1273 474 ita
1300 438 1338 476 in
1377 439 1552 478 Zonarae
1589 452 1651 479 ms

173 495 407 546 marginibus
437 497 477 531 et
502 493 542 530 in
564 492 768 543 Capitolini
787 493 894 531 libris
918 494 1107 532 veteribus
1123 493 1315 543 scribitur,
1338 495 1503 543 tametsi,
1529 491 1654 546 inquit

175 551 441 599 casaubonus,
462 547 695 600 philosophi
721 550 926 601 appellatio
955 551 1052 588 inter
1073 550 1135 588 M.
1162 550 1342 588 Antonini
1371 551 1501 590 titulos
1521 552 1652 591 nullibi

175 611 361 656 occurrat,
391 620 459 645 seu
487 606 527 643 in
555 605 747 644 veteribus
774 606 1094 657 inscriptionibus,
1124 619 1191 644 seu
1217 608 1255 644 in
1281 608 1455 654 nummis,
1483 608 1580 647 adeo
1609 613 1652 647 ut

173 666 422 704 recentiorum
451 662 677 712 scriptorum
705 663 899 701 inventum
928 663 997 700 sit·
1026 657 1115 701 lieet
1137 663 1396 714 philosophiae
1410 665 1652 716 potissimum

175 722 339 761 studium
367 720 597 770 impendisse
617 718 770 756 tradant
798 720 1019 770 scriptores.
1079 719 1240 757 Ioannes
1282 721 1539 759 Antiochenus
1581 719 1653 760 ἐπ-

175 773 269 834 η’νει
284 774 327 816 δὲ
346 791 427 815 των
452 770 690 825 φιλοσόφων
717 790 812 823 τους
837 773 921 815 α’νιό
950 778 1023 827 τῆς
1051 778 1183 825 στοᾶς,
1211 774 1279 815 καὶ
1309 770 1362 827 ἦν
1383 791 1461 828 αρα
1488 775 1653 818 ἐκείνων

175 828 372 901 μιμητής.
394 827 444 871 ου’
470 829 598 883 μόνον
623 828 724 871 nato}
739 829 815 883 τήν
847 846 930 872 των
943 828 1226 898 διαιτημάτων
1255 828 1522 886 ἐπιτήδευσιν,
1551 829 1652 874 ἄλλ-οὶ

175 891 245 931 καὶ
273 885 373 930 zotto?
401 903 475 938 την
504 903 586 928 των
619 885 874 939 μαθημάτων
903 883 1118 940 σύλληψιν.
1175 888 1278 927 Duc.

295 959 335 996 Ρ.
375 944 458 985 529
497 946 639 987 V.11.
704 942 1011 997 κεραυνοβόλον]
1051 959 1095 984 ex
1132 945 1336 996 Xiphilino.
1399 944 1561 995 legionis
1598 946 1650 988 12

174 1002 432 1040 fulminatricis
462 1014 537 1039 non
557 1000 676 1038 semel
699 1001 856 1040 habetur
883 1002 1025 1039 mentio
1054 1002 1093 1040 in
1121 1002 1312 1041 veteribus
1341 1000 1653 1054 inscriptionibus

173 1059 275 1110 apud
305 1058 524 1095 Gruterum.
581 1056 685 1095 Duc.
1520 1075 1522 1078 ·

287 1128 326 1179 p·
363 1114 443 1155 531
483 1126 520 1152 v,
560 1115 601 1154 7.
668 1108 923 1180 αὐτοκράτωρ
961 1109 1276 1167 προσηγορεύθη
1309 1110 1353 1155 τό
1381 1111 1559 1165 δέκατον]
1597 1114 1653 1152 ita

173 1172 325 1209 infrain
340 1170 552 1208 Commodo
582 1165 839 1222 αυτοκρᾶτωρ
864 1168 905 1210 τὰ
933 1167 1091 1223 ὄγδοον.
1115 1171 1228 1208 toties
1244 1171 1386 1222 quippe
1403 1171 1652 1222 imperatores

174 1226 491 1275 acclamabantur,
521 1229 670 1276 quoties
698 1227 831 1265 hostes
860 1228 1030 1265 vicerant
1057 1231 1123 1266 aut
1150 1231 1254 1265 certe
1282 1227 1542 1279 expeditiones
1571 1226 1655 1265 bel-

172 1283 263 1322 licas
289 1286 550 1334 susceperant.
596 1282 698 1322 Duc.

289 1353 328 1390 p.
357 1338 440 1380 533
467 1352 503 1376 v.
535 1341 573 1380 1.
617 1335 862 1389 ἀπέκτεινεν]
894 1338 1121 1377 domesticas
1139 1338 1338 1376 Commodi
1360 1339 1497 1377 caedes
1513 1338 1653 1377 diversi

175 1396 340 1446 generis,
371 1408 464 1446 quas
495 1397 700 1446 separatim
727 1397 956 1446 exposuerat
982 1394 1071 1444 Dio,
1100 1396 1201 1433 unde
1226 1407 1295 1432 sua
1322 1395 1447 1434 hausit
1465 1395 1652 1446 Zonaras,

174 1452 383 1503 Xiphilinus
412 1452 451 1489 in
481 1464 591 1488 unam
611 1453 811 1503 periodum
835 1452 1044 1501 congessit.
1099 1451 1200 1489 Duc.

287 1521 326 1558 p.
355 1508 436 1547 533
466 1520 500 1544 v.
532 1507 571 1547 5.
635 1503 838 1554 Κλαύδιος
855 1503 1139 1558 Πομπηϊανὸς]
1169 1507 1267 1544 hunc
1284 1507 1528 1553 Quintianum
1541 1510 1654 1545 vocat

175 1563 394 1602 Ammianus
423 1563 486 1601 lib.
517 1563 571 1605 29
603 1563 651 1602 de
679 1564 912 1604 Commodo:
942 1563 1042 1599 adeo
1071 1569 1118 1599 ut
1137 1570 1234 1613 post
1259 1564 1447 1600 intestina
1466 1563 1654 1613 pericula

175 1620 306 1658 multa
339 1626 376 1655 et
400 1620 546 1665 varia,
584 1613 688 1657 alter
715 1621 759 1657 in
787 1618 1116 1669 amphitheatrali
1142 1632 1265 1656 cavea
1275 1647 1291 1664 ,
1319 1631 1410 1657 cum
1434 1620 1654 1669 adfuturus

175 1676 416 1728 spectaculis
452 1676 648 1722 introiret,
674 1689 702 1713 a
737 1675 957 1726 Quintiano
997 1682 1200 1720 senatore,
1238 1674 1415 1712 inlicitae
1451 1676 1653 1726 cupidinis

176 1734 334 1771 homine
344 1760 360 1779 ,
404 1733 463 1770 ad
503 1731 746 1771 debilitatem
778 1745 910 1783 paene
930 1733 1111 1783 pugione
1139 1731 1429 1769 vulneraretur.
1458 1733 1512 1770 ita
1539 1733 1654 1771 etiam

176 1790 276 1828 hunc
303 1794 415 1827 vocat
440 1789 694 1829 Herodianus.
732 1794 772 1827 at
798 1788 1041 1840 Lampridius
1077 1791 1115 1826 et
1149 1788 1357 1839 Xiphilinus
1383 1789 1654 1840 Pompeianum

176 1860 262 1885 cum
296 1847 447 1884 Zonara
467 1846 675 1885 nominant.
701 1846 788 1884 vide
816 1846 935 1884 Henr.
966 1845 1157 1883 Valesium
1204 1845 1251 1882 ad
1286 1844 1496 1884 Marcellin.
1550 1844 1651 1883 Duc.

291 1916 328 1953 p.
357 1901 439 1942 534
468 1915 504 1940 v.
537 1903 604 1943 20.
674 1902 874 1956 βουλείας]
915 1909 1099 1938 senatum
1134 1902 1248 1939 vertit
1281 1902 1492 1952 interpres:
1526 1900 1652 1938 malim

177 1960 397 1997 senatorias
430 1959 671 2009 dignitates;
713 1961 827 2009 atque
863 1958 917 1996 ita
942 1958 1120 2009 reposui,
1153 1958 1254 2007 quod
1282 1961 1322 1995 et
1347 1971 1446 2008 quae
1473 1970 1559 1995 mox
1589 1970 1653 1995 se-

178 2019 343 2067 quuntur
372 2016 465 2053 satis
496 2017 680 2065 suadent,
717 2015 788 2054 καί
814 2029 920 2063 τινες
955 2011 1120 2054 πάντων
1153 2009 1211 2055 ὧν
1241 2010 1347 2066 εἶχον
1375 2011 1420 2055 τό
1443 2011 1653 2067 βουλευταὶ

178 2071 369 2125 γενέσθαι
399 2071 597 2122 ἐπρίαντο.
645 2071 745 2110 Duc.

289 2142 329 2180 Ρ.
360 2128 442 2169 535
474 2141 508 2165 v.
541 2129 607 2169 13.
660 2125 690 2179 ἡ
718 2128 874 2178 δαίμων
912 2125 954 2175 ἐς
995 2141 1163 2179 υρτερον
1198 2124 1412 2194 ἐνομίσθη]
1456 2126 1511 2164 ita
1539 2126 1652 2164 etiam

177 2185 277 2236 Reg.
309 2188 348 2223 et
376 2185 487 2222 Colb.
517 2199 616 2222 mss:
667 2184 731 2222 ubi
761 2165 857 2222 alter
885 2174 1093 2221 Wolfianus
1138 2185 1259 2221 codex
1300 2178 1330 2234 ἢ
1373 2182 1552 2234 δαίμων,
1597 2197 1653 2229 ως

180 2239 350 2294 ὕστερον
371 2240 591 2292 ἐνομίσθη,
619 2241 702 2278 site
724 2241 809 2285 dea,
838 2247 883 2277 ut
904 2240 1160 2290 postmodum
1197 2246 1253 2276 est
1288 2239 1493 2277 creditum.
1551 2238 1650 2276 Duc.

292 2311 332 2348 p.
363 2297 444 2338 536
469 2310 504 2335 v.
538 2300 601 2338 10.
652 2294 901 2349 Ἀμαζόνιος]
933 2310 977 2334 ex
1003 2295 1125 2334 Dione
1157 2294 1280 2334 hausit
1307 2296 1501 2344 Zonaras,
1546 2296 1652 2345 cujus

177 2354 363 2392 mensium
393 2354 749 2395 Commodianorum
777 2354 947 2391 ordinem
969 2357 1007 2391 et
1041 2353 1354 2402 significationem
1386 2350 1556 2403 pluribus
1586 2364 1653 2389 ex-

177 2411 310 2460 pendit
339 2410 546 2447 Salmasius
571 2411 620 2447 ad
648 2409 907 2460 Lampridium
932 2422 970 2459 p.
1004 2408 1096 2449 119.
1146 2407 1245 2447 Duc.

291 2479 330 2516 p
371 2465 450 2508 542
490 2479 524 2503 V·
564 2468 632 2508 20.
695 2465 944 2515 Μεδιόλανα]
984 2465 1037 2502 ita
1071 2465 1169 2502 infra
1198 2463 1314 2502 semel
1341 2474 1386 2500 ac
1413 2463 1573 2511 iterum,
1612 2466 1652 2500 et

179 2522 347 2571 Symeon
377 2522 633 2572 Logotheta‘
623 2536 662 2560 m
691 2522 833 2563 Chron.
868 2535 938 2560 ms.
968 2520 1042 2559 Dio
1069 2525 1107 2559 et
1137 2521 1348 2572 Xiphilinus
1380 2515 1650 2559 Μεδιόλανον.

180 2578 443 2616 Mediolanus
477 2581 579 2630 apud
613 2578 777 2616 Marium
817 2577 1118 2616 Aventicensem.
1155 2577 1357 2616 Balsamon
1394 2576 1443 2613 ad
1471 2576 1566 2612 Can.
1595 2576 1647 2615 61

158 2634 327 2672 -concilii
357 2635 537 2686 Carthag.
568 2633 677 2687 παρα
705 2637 785 2675 τῶν
815 2633 1098 2675 Μεδιολάνων.
1129 2634 1213 2672 vide
1242 2632 1425 2682 Scaliger.
1455 2633 1504 2670 ad
1527 2632 1651 2670 Euse-

179 2690 215 2727 bi
209 2704 280 2728 'um
309 2705 348 2741 p.
380 2692 475 2733 233.
534 2692 631 2730 Duc.

293 2760 332 2798 p.
364 2746 447 2787 543
477 2762 511 2785 v.
542 2747 581 2788 4.
637 2743 745 2800 ὅμως
784 2746 945 2788 πολλῶν
973 2719 1258 2799 υπεσχημένων
1286 2749 1371 2794 τοῖς
1396 2740 1652 2800 στρατιώταις
