1794 3120
268 121 291 165 l
300 119 330 164 8
733 120 958 165 IOANNIS
993 122 1251 166 ZONARAE

263 231 323 274 ὅτι
346 231 439 282 τοὺς
462 231 624 282 πολίτας
645 233 827 290 Κυρίτας
849 231 1052 289 ὠνόμαζον
1059 266 1071 286 ,
1095 233 1121 290 ἢ
1144 234 1206 277 ὅτι
1230 234 1303 289 τὴν
1324 234 1470 290 αἰχμὴν
1491 233 1519 291 ἢ
1540 234 1586 279 τὸ
1602 233 1709 299 ,δόρυ
1782 243 1788 294 f

91 304 136 336 W
158 303 195 337 11
219 302 242 338 9
265 306 422 355 κυρῖνον
445 297 612 342 ἐκάλουν
635 300 672 342 οἱ
694 303 882 344 παλαιοί·
916 300 970 353 ὥς
993 297 1064 345 οὖν
1086 300 1224 359 ἀρκήΐόν
1248 319 1336 344 τινα
1365 300 1661 359 τὸνΪΡωμύλον
1681 303 1711 360 ἢ
1787 275 1794 326 i

263 366 459 422 αι’χμητὴν
491 366 590 410 θεὸν
618 367 896 424 ὀνομασθῆναι
931 372 1119 427 Κυρῖνον.
1187 370 1337 426 λέγεται
1369 370 1413 413 δὲ
1441 370 1615 429 τέσσαρα
1636 372 1709 427 μὲν

208 448 239 480 J)
263 434 329 489 ἴτη
363 437 430 477 καὶ
454 434 695 491 πεντήκοντα
715 441 882 494 βιῶναι,
915 436 1058 494 ὄγδοον
1088 437 1130 480 δ’
1156 437 1218 480 ἐπὶ
1243 442 1466 497 τριακοστῷ
1484 437 1709 493 βασιλεύων

260 502 504 562 ιἐνιαυτὸνέξ
521 502 753 561 ,ἀνθρώπων
776 505 1063 563 ἀφανισθῆναι.
1713 513 1738 549 5
1792 507 1794 511 ’

393 570 432 612 5.
503 570 667 615 Τούτων
691 573 735 614 δὲ
757 575 844 630 περὶ
866 571 1158 628 τὸνιΡωμύλον
1175 570 1487 628 συμβεβηκότων
1501 571 1709 627 βασιλεύε-

234 633 362 693 joam
397 639 469 692 μὲν
500 638 626 701 ἔδόκξι
661 644 805 692 πᾶσιν,
848 639 930 702 ἔρις
963 641 1010 684 δέ
1043 658 1104 691 τις
1135 643 1200 683 καὶ
1235 639 1375 695 στάσις
1397 639 1540 698 ἐφύετο
1562 647 1646 692 τοῖς
1667 642 1709 684 ἓν

254 703 394 762 Ῥώμῃ
418 706 491 760 οὐχ
512 704 609 764 ὑπὲρ
634 706 780 765 ἀνδρὸς
799 706 922 762 μόνον
945 704 1288 764 ἡγεμονεύσοντος,
1325 708 1430 750 ἀλλὰ
1451 710 1518 757 καὶ
1540 706 1708 766 πότερον

258 778 337 814 τῶν
372 777 493 828 γενῶν
529 774 687 831 παρέξει
717 775 786 817 τὸν
818 775 1002 832 ἄρξοντα.
1077 783 1160 827 τοῖς
1185 793 1227 818 τε
1259 776 1335 832 γὰρ
1364 776 1467 831 μετὰ
1491 774 1707 831 ςΡωμύλου

258 839 430 897 πρώτοις
461 843 713 884 συνοικίσασί
738 843 811 896 τὴν
843 842 955 885 πόλιν
987 844 1059 886 οὒκ
1083 844 1243 887 ἀνεκτὸν
1266 842 1412 896 ἐδόκει,
1446 844 1546 900 παρ’
1572 843 1760 887 azimum

259 908 593 964 προσληφθέντας
614 910 708 958 τοὺς
730 911 929 962 Σαβίνους
952 912 1006 960 εἷς
1028 913 1239 963 πολιτείαν,
1273 910 1408 968 ἄρχειν
1434 915 1514 954 τῶν
1537 912 1704 966 δεξαμέ-

199 987 200 990 ’
256 991 335 1016 νων
355 974 591 1027 βιάζεσθαι·
627 975 665 1017 οἱ
687 977 852 1029 Σαβῖνοι
876 978 920 1018 δὲ
945 975 1162 1034 ἑτέρωθεν,
1196 979 1257 1020 ὅτι
1278 983 1351 1021 τοῦ
1379 981 1529 1023 Τατίου
1551 979 1704 1023 θανόν-

256 1058 325 1092 τος
356 1040 480 1095 μόνον
517 1042 654 1085 εἴασαν
685 1042 755 1085 τὸν
773 1041 982 1098 Ῥωμύλον
1005 1045 1165 1102 ἄρχειν,
1199 1046 1241 1095 ἐξ
1264 1044 1416 1089 ἑαυτῶν
1435 1047 1570 1102 ἠξίουν
1583 1047 1702 1105 ,αἶρεο

71 1114 98 1147 Ρ
122 1114 139 1147 1
167 1116 235 1152 321
257 1113 383 1164 θῆναι
408 1109 476 1151 τὸν
498 1109 683 1167 ἄρξοντα.

380 1176 548 1232 ’Ἠριζον
578 1179 652 1232 μὲν
685 1170 755 1220 οὖν
786 1175 890 1219 οὕτω
919 1177 971 1220 τὰ
1000 1178 1102 1235 μέρη
1126 1175 1293 1235 ἑκάτερα
1301 1211 1314 1230 ,
1346 1178 1546 1237 μετεώρου
1571 1181 1611 1224 δ’
1638 1181 1755 1227 ἒπὶ15
1791 1199 1794 1202 ·

254 1242 410 1295 τούτοις
441 1244 553 1295 ὄντος
573 1250 646 1288 τοῦ
668 1244 952 1300 πολιτεύματος
975 1247 1011 1288 οἱ
1034 1247 1231 1302 πατρίκιοι
1256 1246 1496 1302 πεντήκοντα
1517 1251 1584 1291 καὶ
1605 1247 1701 1292 ἕκα-

254 1312 325 1355 τὸν
357 1312 467 1363 ι’)’ντες
501 1312 642 1364 ἔταξαν
675 1314 839 1357 ἕκαστον
870 1313 911 1355 ἓν
944 1313 1055 1372 μέρει
1084 1319 1167 1363 τοῖς
1196 1318 1418 1368 βασιλικοῖς
1448 1314 1702 1374 παρασήμοις

254 1379 523 1435 κοσμούμενον
563 1379 674 1424 θύειν
708 1399 749 1424 τε
782 1387 864 1431 τοΐς
898 1385 1009 1432 θεοῖς
1040 1384 1105 1425 καὶ
1134 1385 1388 1437 χρηματίζειν
1395 1415 1431 1444 ,⁴
1454 1382 1498 1435 ’ἐξ
1526 1385 1700 1440 μέντῆς

242 1448 394 1499 ’νυκτὸς
425 1448 557 1506 ὥρας,
603 1446 646 1500 (ἐξ
682 1450 725 1492 δὲ
754 1454 825 1504 τῆς
857 1446 1019 1507 ἡμέρας.
1088 1447 1114 1504 ἡ
1147 1450 1225 1508 γὰρ
1257 1451 1426 1507 διανομὴ
1448 1455 1527 1495 τῶν
1548 1454 1698 1510 καιρῶν

342 1585 364 1620 3
395 1588 570 1632 κυρῖνον]
599 1587 705 1632 κῦριν
739 1588 942 1623 Plutarchus
977 1600 1020 1623 ex
1053 1590 1289 1625 emendatione
1318 1591 1480 1626 Dacerii=
1511 1603 1588 1627 nam
1616 1591 1696 1626 libri

339 1636 502 1675 κυρῖνον.
643 1635 666 1669 4
689 1630 823 1678 ὄγδοον
846 1630 906 1668 ἐπὶ
930 1631 1145 1678 τριακοστὸν
1167 1636 1210 1670 Α.
1347 1635 1371 1671 8
1392 1633 1697 1700 ἡγερονεύσοντος

341 1679 384 1720 A,
406 1675 688 1723 ἡγεμονεύοντος
711 1680 800 1714 PW.
885 1678 907 1714 9
930 1677 1096 1725 ᾇωμύλου
1106 1682 1166 1725 W,
1194 1679 1367 1726 Ρωμύλον
1383 1683 1424 1720 Ρ.
1517 1685 1563 1718 10
1576 1692 1696 1717 avvoc—

339 1720 469 1778 κήσασι
490 1724 531 1760 Α.
622 1725 666 1760 12
684 1722 723 1759 δ’
749 1726 789 1760 C.
886 1726 930 1761 14
946 1723 1129 1770 ἄρξοντα]
1155 1726 1395 1771 βασιλεύοντα
1417 1729 1461 1763 C.
1551 1728 1596 1764 16
1610 1739 1695 1763 πεν-

338 1780 497 1810 τηκοντα
529 1767 589 1803 καὶ
625 1765 778 1815 ἑκατὸν]
810 1771 911 1815 paulo
943 1783 1048 1817 supra
1078 1772 1243 1815 ducenti,
1275 1784 1319 1807 ex
1339 1773 1514 1808 Plutarchi
1534 1773 1694 1808 Romulo.

338 1815 382 1850 19
410 1820 489 1859 post
517 1811 654 1859 ἡμέρας
685 1827 774 1860 quae
806 1817 895 1861 apud
927 1817 1146 1851 Plutarchum
1180 1818 1296 1853 addita
1331 1819 1512 1863 leguntur,
1546 1818 1692 1865 Κυρίνῳ

338 1860 395 1894 vel
405 1860 550 1904 Κυρίνῳ
562 1859 623 1894 καὶ
641 1860 772 1905 Τατίῳ,
796 1874 839 1896 ea
853 1862 997 1896 delenda
1012 1873 1088 1896 esse
1105 1874 1149 1897 ex
1163 1863 1227 1904 hoc
1241 1864 1317 1898 loco
1329 1867 1442 1910 patet,

381 1949 550 1987 Fomsss,
601 1950 686 1995 Gap.
711 1952 744 1985 5.
795 1951 981 1987 Plutarchi
1006 1952 1139 1996 Numa,
1167 1964 1196 1989 c.
1221 1952 1328 1988 2—8
1349 1958 1383 1988 et
1406 1952 1451 1988 14
1461 1953 1569 1989 -21.

243 2071 338 2105 cives
366 2071 425 2115 qui
449 2072 608 2111 Quirites
633 2073 902 2118 appellabantur,
927 2075 983 2109 vel
1006 2076 1049 2110 ab
1073 2075 1174 2110 hasta
1194 2086 1294 2120 quam
1317 2079 1455 2110 veteres
1477 2076 1604 2121 quirim
1627 2088 1691 2111 vo-

243 2117 417 2150 citarunt=
442 2116 624 2157 Quirinum
646 2118 751 2162 igitur
774 2119 951 2154 Romulum
973 2121 1178 2166 appellatum
1200 2132 1277 2155 esse
1299 2125 1338 2155 ut
1358 2122 1554 2157 bellicosum
1575 2122 1633 2157 vel
1653 2126 1690 2157 ut

243 2162 344 2195 deum
367 2162 554 2197 hastatum.
597 2164 708 2197 fertur
730 2176 838 2199 annos
862 2166 994 2202 vixisse
1016 2167 1073 2211 54,
1097 2170 1134 2200 et
1157 2177 1244 2200 anno
1270 2166 1370 2212 regni
1391 2167 1438 2204 38
1459 2179 1479 2202 e
1499 2172 1688 2214 conspectu

239 2206 410 2241 hominum
433 2208 588 2242 sublatus
614 2220 702 2244 esse.

331 2254 364 2286 5.
414 2253 501 2287 Cum
534 2255 619 2288 haec
641 2254 784 2289 Romulo
807 2256 1029 2301 accidissent,
1061 2267 1175 2300 regem
1207 2256 1344 2301 quidem
1373 2257 1537 2292 volebant
1558 2269 1686 2302 omnes,

240 2298 302 2331 sed
324 2298 551 2333 Romanorum
583 2300 712 2334 animos
744 2307 917 2336 certamen
950 2307 987 2337 et
1016 2301 1141 2336 seditio
1164 2303 1330 2336 versabat
1350 2313 1418 2336 non
1440 2302 1484 2337 de
1505 2304 1584 2338 viro
1607 2308 1687 2338 tan-

239 2348 310 2377 tum
334 2344 394 2388 qui
416 2344 613 2389 principatu
637 2346 822 2390 potiretur,
848 2348 908 2382 sed
933 2348 1032 2382 ctiam
1052 2347 1096 2380 de
1118 2352 1246 2392 gente,
1269 2353 1347 2382 utra
1368 2348 1558 2393 principem
1581 2361 1685 2395 prae-

238 2389 351 2424 beret.
397 2401 472 2423 nam
499 2394 535 2423 et
558 2390 741 2434 Romanis,
770 2393 886 2436 primis
919 2394 1011 2428 urbis
1045 2403 1119 2426 cum
1150 2392 1294 2427 Romulo
1328 2393 1581 2438 conditoribus,
1617 2406 1685 2428 non

234 2435 414 2469 ferendum
435 2435 621 2470 videbatur
649 2442 689 2471 ut
713 2438 851 2483 Sabini,
884 2439 920 2473 in
951 2439 1123 2474 civitatem
1147 2438 1279 2482 adsciti,
1302 2450 1444 2483 regnum
1467 2439 1532 2474 sibi
1553 2440 1589 2474 in
1613 2451 1685 2484 eos,

237 2491 259 2513 a
275 2481 398 2524 quibus
419 2482 553 2527 recepti
575 2487 709 2525 essent,
742 2495 805 2527 per
828 2484 898 2518 vim
922 2485 1154 2526 vindicarent3
1187 2489 1223 2518 et
1245 2485 1367 2518 Sabini
1389 2496 1433 2518 ex
1455 2485 1564 2520 'altera
1585 2490 1685 2530 parte

235 2526 508 2570 contendebant,
540 2527 621 2571 quia
649 2528 753 2562 Tatio
785 2535 917 2565 mortuo
939 2530 1117 2566 Romulum
1140 2541 1287 2574 regnare
1309 2530 1416 2565 solum
1438 2531 1533 2576 passi
1556 2536 1684 2573 essent,

235 2571 289 2604 sui
312 2572 465 2616 corporis
487 2583 603 2617 regem
628 2574 809 2610 creandum
836 2587 925 2611 esse.

323 2618 549 2652 Factionibus
578 2618 669 2652 inter
702 2631 778 2654 sese
808 2621 857 2655 ita
886 2621 1120 2662 certantibus,
1161 2631 1235 2654 cum
1267 2620 1390 2655 civitas
1421 2620 1497 2654 sine
1528 2619 1682 2665 imperio,

230 2663 404 2696 exercitus
428 2663 501 2697 sine
524 2664 612 2698 duce
634 2670 748 2709 esset,
778 2666 916 2710 patricii
940 2677 1078 2701 numero
1100 2665 1167 2700 150
1191 2666 1282 2700 inter
1306 2678 1343 2700 se
1367 2667 1624 2700 constituerunt
1646 2670 1686 2699 ut

228 2706 354 2751 singuli
373 2719 436 2753 per
459 2710 555 2744 vices
579 2710 682 2754 regiis
704 2711 897 2755 insignibus
921 2713 1032 2748 ornati
1055 2716 1091 2746 et
1115 2711 1182 2746 diis
1203 2712 1416 2746 immolarent
1439 2717 1475 2746 et
1496 2711 1573 2745 iura
1591 2710 1684 2744 dice-

226 2757 317 2797 rent,
341 2754 429 2788 senis
452 2754 545 2790 horis
569 2760 674 2791 noctu
697 2762 735 2792 et
758 2757 898 2795 totidem
920 2757 1079 2795 interdiu.
1128 2757 1213 2792 haec
1244 2757 1333 2793 enim
1355 2762 1545 2804 temporum
1563 2755 1684 2791 distri-
