1820 3120
271 75 374 121 330
748 42 978 119 IoANMs
1008 69 1270 120 zoNARAE

268 206 349 232 των
372 188 416 230 ἐκ
438 190 511 241 τῆς
532 184 667 242 μάχης
687 185 895 231 ὑπατικῶν
918 190 985 231 καὶ
1009 194 1283 245 στρατηγικῶν
1308 189 1468 247 ἀνδρῶν
1489 190 1528 235 οἱ
1549 192 1623 246 μὲν
1645 189 1742 235 ἓαυ-
1768 228 1782 233 ι,

268 256 365 306 τοὺς
388 254 628 311 διέφθειραν
651 253 928 310 ἁλισκόμενοι,
961 257 1135 312 συχνοὺς
1166 258 1210 300 δὲ
1232 259 1398 315 Καῖσαρ
1427 258 1594 303 ἔκτεινεν
1620 257 1743 302 ἁλόν-

269 341 356 375 τας.
426 321 623 374 Κάτωνος
654 325 698 366 δὲ
729 323 875 368 ἑαυτὸν
907 325 1224 382 διεργασαμένου
1252 328 1375 380 δῆλος
1394 320 1444 382 ἦν
1467 328 1657 382 δηχθείς·
1693 321 1743 370 οὗ

215 396 245 431 Β
271 391 312 435 δ’
347 392 460 434 ἕνεκα
492 390 688 447 λελύπητο
723 392 894 447 ἄδηλον·
930 391 1012 436 εἶπε
1045 393 1087 435 δ’
1125 389 1195 437 οὖν
1222 385 1287 437 “01⁷1
1310 392 1475 446 Κάτων,
1507 398 1655 453 φθονῶ
1677 413 1743 439 σοι

267 463 342 504 τοῦ
365 457 573 503 θανάτου·
610 462 676 503 καὶ
699 462 779 518 γὰρ
804 459 854 503 σύ
876 478 946 515 μοι
968 465 1040 515 τῆς
1063 462 1266 519 σωτηρίας
1288 460 1571 520 ἐφθόνησας-ἶ*
1616 463 1776 508 .ἀλλά5

267 528 346 584 γὰρ
371 528 606 571 ἐπανελθών
631 531 686 578 εἷς
702 526 861 583 Ῥώμην
886 528 965 570 ἀπὸ
988 528 1158 585 Λιβύης
1179 529 1416 588 θριάμβους
1445 528 1648 587 κατήγαγε
1677 533 1760 574 καὶ

268 596 374 646 θέας
407 596 558 639 ἐτέλεσε
595 595 815 651 ναυμάχων
850 598 917 639 καὶ
950 596 1194 652 μονομάχων
1227 599 1401 656 ἀνδρῶν.
1467 597 1668 654 τιμήσεων
1701 600 1746 642 δὲ

269 665 491 721 γενομένων
522 666 610 707 ἀντὶ
639 669 718 707 τῶν
749 665 953 722 προτέρων
987 667 1094 709 δυεῖν
1126 669 1194 709 καὶ
1225 665 1441 723 τριάκοντα
1468 665 1680 724 μυριάδων
1703 667 1748 709 αἱ

270 738 398 776 πᾶσαι
422 734 701 775 πεντεκαίδεκα
725 738 1012 790 περισωθεῖσαι
1038 732 1284 791 εὑρέθησαν·
1313 734 1557 791 τηλικαύτην
1578 735 1748 793 φθορὰν

269 805 344 846 τοῦ
368 800 500 855 δήμου
524 799 545 843 ὃ
571 799 766 858 ἐμφύλιος
789 800 1003 858 εἷργάσατο
1027 801 1214 858 πόλεμος.
1553 821 1556 828 ’
1757 811 1802 847 10

407 867 511 911 Εἶτα
533 868 687 919 ὕπατος
709 870 754 912 τὸ
778 870 968 927 τέταρτον
991 872 1170 927 αἱρεθεὶς
1193 874 1249 922 εἷς
1275 870 1454 929 Ἰβηρίαν
1486 867 1747 928 ἐστράτευσεν

219 942 250 976 C
273 937 336 979 ἐπὶ
359 937 454 987 τούς
476 939 699 992 Πομπηΐου
722 937 836 989 υἱούς
844 970 858 990 ,
902 939 1016 989 νέους
1038 940 1110 994 μὲν
1133 939 1254 991 ὄντας
1276 939 1355 991 ἔτι,
1399 937 1554 994 τόλμαν
1583 939 1626 981 δ’
1658 939 1748 980 ἔπι-

271 1005 550 1060 δεικνυμένους
586 1005 804 1061 ἀξιόχρεων
840 1007 941 1063 πρὸς
975 1005 1205 1062 ἡγεμονίαν.
1273 1006 1339 1050 ὅτε
1374 1010 1441 1050 καὶ
1477 1009 1533 1058 εἷς
1563 1007 1747 1050 κίνδυνον

271 1074 456 1130 περιέστη
481 1072 502 1116 ὃ
528 1075 714 1131 Καῖσαρ,
751 1073 806 1125 ὡς
826 1080 931 1128 βοᾶν
957 1076 1027 1118 διὰ
1050 1081 1130 1119 τῶν
1153 1075 1302 1127 τάξεων
1325 1076 1526 1132 περιθέων
1546 1080 1634 1118 τῶν
1650 1073 1747 1118 ἔαυ-

271 1147 366 1194 τοῦ,
403 1142 436 1185 εἷ
461 1142 519 1197 μὴ
550 1145 759 1186 αῗδοῦνται
791 1142 993 1198 λαβόντας
1016 1145 1139 1188 αὐτὸν
1162 1145 1375 1201 ἐγχειρίσαι
1397 1150 1482 1194 τοῖς
1502 1145 1744 1201 παιδαρίοις.
1760 1148 1803 1183 15

271 1210 373 1267 πρὸς
397 1211 439 1253 δὲ
462 1210 558 1260 τοὺς
580 1212 723 1267 φίλους
744 1212 845 1265 μετὰ
870 1212 943 1267 τὴν
964 1211 1099 1267 μάχην
1123 1212 1228 1256 εἶπεν
1250 1210 1306 1263 ὥς
1327 1211 1521 1262 πολλάκις
1540 1213 1616 1267 μὲν
1639 1212 1748 1268 ἀγω-

272 1280 427 1322 νίσαιτο
459 1281 549 1334 περὶ
584 1281 718 1334 νίκης,
753 1284 824 1322 νῦν
857 1281 901 1323 δὲ
933 1285 1093 1337 πρῶτον
1115 1285 1204 1338 περὶ
1226 1285 1377 1335 ψυχῆς.
1444 1277 1681 1335 νικήσαντος
1705 1280 1749 1322 δὲ

218 1361 220 1364 ’
274 1348 486 1404 Καίσαρος
502 1345 523 1388 ὃ
543 1348 616 1401 μὲν
635 1347 826 1404 νεώτερος
845 1353 924 1390 τῶν
942 1352 1165 1405 Πομπηΐου
1184 1350 1339 1391 παίδων
1357 1348 1519 1406 διέδρα,
1545 1348 1748 1404 ἀνηνέχθη

274 1416 314 1458 δ’
339 1412 454 1473 ἀὐτῷ
475 1416 579 1469 μεθ’
605 1414 760 1472 ἡμέρας
781 1421 856 1459 τοῦ
877 1419 1153 1475 πρεσβυτέρου
1174 1417 1200 1472 ἦ
1222 1415 1394 1475 κεφαλή.
1460 1420 1602 1460 τοῦτον
1625 1416 1749 1471 ἴσχα-

273 1500 343 1526 τον
367 1485 533 1540 Καῖσαρ
557 1485 774 1539 ἐπολέμησε
799 1483 987 1539 πόλεμον.
1755 1486 1820 1526 20³

412 1552 481 1594 ll.
545 1552 805 1596 Ἐπανελθὼν
829 1553 868 1595 δ’
897 1556 952 1604 εἷς
981 1551 1139 1608 Ῥώμην
1163 1550 1361 1609 δικτάτωρ
1385 1551 1455 1595 διὰ
1474 1553 1568 1607 βίου
1592 1549 1750 1609 ἐψήφι-

366 1659 389 1692 2
418 1654 576 1693 ἔκτεινεν
599 1655 762 1699 ἁλόντας
783 1659 815 1693 Α
839 1659 1055 1703 Plutarchus,
1080 1655 1238 1699 ἁλόντας
1261 1654 1453 1694 ἀπέκτεινε
1475 1659 1566 1695 PW.
1656 1659 1680 1695 3
1703 1650 1750 1692 οὗ

368 1699 410 1739 δ’
443 1704 609 1746 ABGW,
645 1701 732 1739 οὔδ’
758 1706 796 1740 Ρ.
958 1707 982 1741 4
1005 1716 1063 1740 σοι
1089 1717 1142 1740 om
1165 1706 1240 1740 sola
1263 1705 1304 1741 P.
1467 1704 1489 1742 7
1511 1700 1650 1739 ἐτέλεσε
1672 1704 1748 1749 Ac,

368 1745 530 1784 ἔτέλευσε
554 1750 643 1784 PW.
737 1750 761 1786 8
785 1750 895 1786 δυοῖν
918 1753 960 1785 Α.
1062 1751 1105 1785 14
1128 1747 1147 1786 ὃ
1173 1752 1309 1794 καῖσαρ
1325 1750 1392 1786 add
1411 1749 1455 1787 A.
1548 1750 1592 1784 15
1609 1747 1751 1784 λαθόν-

366 1807 433 1835 τας
456 1796 498 1830 C.
639 1795 684 1830 18
704 1796 852 1831 παίδων
875 1799 906 1831 Α
931 1798 1152 1840 Plutarchus,
1176 1794 1270 1839 υἱῶν
1291 1798 1380 1831 PW.
1519 1792 1653 1838 διέδρα
1673 1797 1748 1839 AB,

367 1837 516 1884 ἀπέδρα
532 1841 622 1878 PW.
693 1837 886 1887 οἷνηνέχθη
902 1844 932 1876 Α
949 1855 1025 1878 cum
1041 1843 1238 1887 Plutarcho,
1258 1839 1402 1888 ἠνέχθη
1417 1842 1506 1879 PW.
1585 1841 1630 1876 21
1648 1838 1689 1875 δὲ
1708 1842 1750 1876 Β.

414 1909 582 1944 Fomsss.
636 1910 722 1955 Cap.
749 1911 803 1946 11.
854 1911 1044 1946 Plutarchi
1070 1914 1214 1954 Caesar,
1241 1923 1271 1946 c.
1295 1910 1466 1948 57—66.
1510 1909 1638 1945 addita
1664 1914 1751 1944 sunt

364 1965 490 2000 pauca
515 1956 558 1989 de
581 1957 722 1990 nomine
749 1957 924 1992 Caesaris.

276 2050 466 2080 evaserant
489 2057 563 2079 cum
588 2050 816 2091 caperentur,
850 2047 974 2092 partim
1004 2047 1074 2092 ipsi
1098 2057 1217 2081 necem
1239 2045 1308 2080 sibi
1332 2046 1595 2088 consciverunt,
1624 2043 1751 2090 partim

276 2098 398 2136 captos
424 2091 558 2127 Caesar
586 2092 767 2137 suppliciis
797 2092 927 2128 affecit.
975 2093 1124 2128 Catonis
1157 2104 1295 2136 necem,
1332 2092 1393 2137 qui
1427 2092 1494 2126 sibi
1524 2092 1602 2136 ipse
1628 2102 1749 2125 manus

276 2138 456 2181 attulerat,
483 2137 592 2182 palam
616 2149 722 2182 aegre
742 2138 846 2172 tulit:
870 2150 933 2173 cur
955 2144 1081 2183 autem,
1106 2139 1274 2173 incertum
1295 2143 1359 2172 est.
1403 2137 1487 2172 illud
1506 2137 1643 2183 quidem
1660 2137 1751 2171 dixit

271 2181 439 2217 “invideo
464 2183 528 2217 tibi
551 2189 694 2218 mortem
718 2184 987 2228 istam,.‘Cato:
1020 2196 1098 2219 nam
1127 2189 1164 2219 et
1193 2188 1234 2218 tu
1265 2183 1346 2218 mihi
1375 2183 1522 2218 salutem
1544 2182 1718 2217 invidisti.
1729 2177 1750 2193 '³

276 2241 321 2263 ex
344 2230 465 2263 Africa
490 2229 629 2263 Romam
656 2241 818 2264 reversus
841 2230 1084 2275 triumphavit,
1109 2234 1147 2264 et
1171 2230 1369 2275 spectacula
1393 2228 1526 2263 navalis
1549 2239 1688 2275 pugnae
1712 2230 1750 2262 et

277 2275 509 2320 gladiatorum
538 2275 661 2309 edidit.
710 2287 786 2309 cum
817 2287 943 2310 census
976 2281 1163 2320 ageretur,
1199 2282 1336 2309 centum
1368 2275 1625 2320 quinquaginta
1655 2273 1750 2308 milia

277 2321 407 2355 civium
439 2321 484 2354 de
515 2321 683 2355 trecentis
716 2321 847 2366 viginti
879 2321 1019 2356 milibus
1053 2333 1143 2367 quae
1176 2326 1258 2356 ante
1291 2332 1397 2354 censa
1426 2322 1570 2355 fuerant
1592 2322 1676 2356 sunt
1697 2319 1751 2354 in·

277 2371 406 2402 venta:
431 2371 563 2401 tantam
587 2368 707 2412 populi
730 2373 882 2411 stragem
907 2367 1032 2402 bellum
1056 2368 1156 2402 civile
1181 2367 1361 2401 attulerat.

414 2412 549 2446 Deinde
584 2419 742 2457 quartum
766 2413 886 2447 consul
909 2414 1025 2447 factus
1048 2415 1086 2448 in
1109 2413 1313 2458 Hispaniam
1337 2412 1429 2446 abiit
1450 2415 1575 2446 contra
1596 2409 1751 2455 Pompeii
1812 2436 1816 2438 v

278 2457 388 2500 filios,
423 2458 663 2492 adolescentes
696 2459 831 2503 quidem
864 2459 941 2493 illos
973 2459 1106 2503 adhuc,
1142 2459 1204 2492 sed
1235 2458 1380 2492 audacia
1414 2457 1612 2512 principatu
1645 2455 1751 2500 digna

278 2504 472 2549 praeditos.
520 2503 581 2538 ubi
605 2505 640 2537 in
664 2508 799 2538 tantum
822 2504 1012 2550 periculum
1037 2506 1172 2539 Caesar
1196 2504 1311 2547 venit,
1336 2508 1376 2538 ut
1398 2514 1462 2548 per
1485 2513 1591 2538 amem
1615 2501 1751 2535 discur-

280 2560 361 2583 rens
385 2549 599 2592 clamitaret,
624 2561 669 2584 an
693 2551 820 2584 milites
843 2562 912 2584 non
937 2551 1084 2595 puderet
1107 2562 1146 2584 se
1170 2556 1309 2595 captum
1334 2550 1450 2594 pueris
1473 2549 1512 2583 in
1533 2558 1655 2582 manus
1677 2551 1734 2581 tra

279 2595 376 2628 dere.
424 2601 505 2641 post
529 2607 678 2640 pugnam
702 2600 818 2630 autem
842 2596 960 2630 amicis
985 2596 1088 2641 dixit,
1110 2606 1149 2630 se
1173 2596 1216 2629 de
1239 2595 1392 2630 victoria
1414 2606 1520 2640 saepe
1535 2621 1546 2638 ‚
1568 2598 1639 2628 tum
1661 2604 1747 2634 vero

279 2639 424 2685 primum
450 2642 494 2675 de
518 2641 591 2676 vita
615 2645 782 2676 certasse.
824 2643 979 2676 Caesare
1002 2641 1134 2676 victore
1157 2641 1273 2688 iunior
1294 2641 1451 2686 Pompeii
1474 2640 1568 2674 filius
1591 2639 1675 2684 fuga
1697 2641 1753 2673 est

281 2685 440 2731 elapsus:
468 2691 551 2732 post
574 2688 650 2721 dies
674 2688 809 2732 aliquot
831 2693 915 2722 natu
938 2687 1078 2722 maioris
1101 2692 1207 2732 caput
1229 2687 1375 2722 Caesari
1398 2687 1551 2721 allatum.

420 2733 477 2767 11.
525 2733 693 2769 Extremo
725 2734 791 2768 hoc
821 2732 913 2768 bello
946 2737 1046 2779 gesto
1073 2734 1215 2769 Romam
1245 2744 1410 2769 reversus
1434 2733 1567 2768 Caesar
1599 2731 1752 2766 dictator
