1820 3120
593 95 880 143 ANNALIUM
900 94 1012 139 VHI
1034 98 1074 140 6.
1492 90 1591 139 123

115 213 329 274 ςὲ-πχῶραν
357 211 565 272 ἐπόρθουν
596 214 665 256 καὶ
693 211 803 268 τειχη
825 209 917 254 τινὰ
939 209 1204 267 ἐκλειφθέντα
1226 208 1389 264 ἔλαβον.
1457 208 1497 252 οἱ
1518 208 1596 265 γὰρ

54 338 59 346 .
117 289 314 331 Σαυνῖται
345 285 403 335 εἰς
435 282 487 327 τὰ
518 281 595 340 ι’)’ρη
617 281 669 325 τὰ
690 279 878 338 Κρανιτά
901 277 1094 335 λεγόμενα
1107 311 1120 332 ,
1167 277 1228 322 ὅτι
1253 279 1421 336 κρανίαν
1443 277 1597 332 πολλὴν
1627 282 1658 317 C

46 348 65 405 ξ’
115 355 254 412 {stowe
266 385 281 407 ,
309 351 362 397 τά
384 370 426 396 τε
450 353 627 410 φίλτατα
648 352 716 394 καὶ
737 349 790 393 τὰ
811 347 1035 403 τιμιώτατα
1059 346 1316 402 ἀνεκόμισαν.
1383 362 1598 404 καταφρο-

116 422 313 481 νῆσαντες
345 417 417 466 οὖν
448 421 487 464 οἳ
502 419 705 476 εΡωμαῖοι
737 420 793 470 εἷς
812 418 866 462 τὰ
889 417 1078 475 εἰρημένα
1105 416 1181 476 ὅρη
1205 416 1404 471 ἀναβῆναι
1427 414 1598 470 ἐτόλμη-

43 526 55 545 A·
84 504 210 542 οσαν.
278 493 432 536 λασίων
468 485 541 534 οὖν
572 489 706 534 αὐτῶν
736 489 804 531 καὶ
837 484 1160 546 δυσπροσβάτων
1182 485 1332 537 ὄντων,
1362 486 1503 528 πολλοὶ
1526 485 1601 539 μὲν

44 555 57 577 ³
119 562 343 615 ἀπέθανον,
375 560 517 604 πολλοὶ
540 559 586 603 δὲ
607 560 674 602 καὶ
698 556 896 601 ἑάλωσαν.

228 662 230 665 >
260 630 314 674 Οἳ
347 628 390 673 δ’
414 627 563 672 ὕπατοι
597 627 728 672 οὐκέτι
751 630 865 684 κοινῇ
885 625 956 669 τὸν
976 623 1155 678 πόλεμον
1177 620 1441 679 ἐποιήσαντο,
1478 618 1603 676 ἀλλή-

38 706 50 746 ἰ
121 705 218 751 λους
249 696 479 753 αῖτιῶμενοι
511 697 584 740 διὰ
605 698 652 741 τὸ
675 694 890 752 ἀτύχημα,
933 694 1030 737 ἀλλ’
1052 692 1217 745 Ἰούνιος
1238 693 1311 747 μὲν
1334 690 1455 750 ἐδῄου
1479 691 1604 747 μέρος

121 786 162 812 τι
182 773 259 824 τῆς
277 768 543 818 Σαυνίτιδος,
565 763 786 823 Ῥουφῖνος
809 765 853 807 δὲ
874 764 1106 814 Λευκανοῖς
1129 764 1196 806 καὶ
1220 763 1430 819 Βρεττίοις
1452 757 1604 815 ἐλυμή-

33 827 115 914 {df-'10
125 854 236 882 νατο.
305 837 372 880 καὶ
404 836 470 878 ἐπὶ
502 832 704 890 Κρότωνα
736 833 924 891 ὥρμησεν
947 831 1180 876 ἀποστάντα
1197 829 1439 886 “Ρωμαι’ων,
1478 847 1602 885 μετα-

38 906 55 962 ἷ
122 905 403 962 πεμψαμένων
436 902 560 947 αὐτὸν
588 907 671 947 τῶν
703 903 958 958 ἐπιτηδείων,
1003 899 1256 959 φθασάντων
1288 901 1332 943 δὲ
1354 904 1435 943 τῶν
1458 903 1609 941 λοιπῶν

39 983 50 998 '³’
123 974 403 1032 ἐπαγαγέσθαι
432 972 543 1030 παρὰ
571 976 646 1015 τοῦ
676 973 874 1022 Μίλωνος
906 968 1113 1028 φρουράν,
1155 964 1206 1022 ἧς
1235 964 1334 1026 ἦρχε
1356 966 1606 1023 Νικόμαχος.
1630 976 1663 1011 D

124 1042 328 1102 ἀγνοήσας
350 1037 422 1086 οὖν
443 1045 564 1085 τοῦτο
587 1042 655 1084 καὶ
679 1040 839 1095 ἀμελῶς
860 1046 944 1090 τοῖς
966 1040 1111 1093 τείχεσι
1133 1038 1313 1094 προσιών
1335 1035 1391 1087 ὡς
1413 1037 1516 1093 πρὸς
1539 1037 1606 1094 φί-

38 1170 42 1174 V
127 1118 246 1166 λους,
275 1111 483 1163 ἔπταισεν,
518 1111 708 1169 ἐξαίφνης
729 1106 1064 1166 ἐπεκδραμόντων
1087 1107 1211 1164 αὐτῷ.
1281 1104 1364 1149 εἶτά
1387 1123 1425 1148 τι
1450 1103 1612 1160 ἐπινοή-

39 1168 119 1228 4ὲ15
131 1199 209 1234 σας
229 1171 494 1239 στρατήγημα
524 1179 598 1234 τὴν
619 1177 737 1222 πόλιν
772 1176 875 1222 εἷλε·
923 1176 996 1220 δύο
1027 1176 1106 1234 γὰρ
1141 1175 1293 1233 ἄνδρας
1329 1172 1613 1229 αῗχμαλώτους

129 1247 496 1308 ψευδαυτομόλους
519 1250 560 1301 ἐς
581 1247 652 1291 τὸν
674 1245 875 1304 Κρότωνα
897 1246 1054 1301 ἔπεμψε
1064 1277 1078 1297 ,
1111 1244 1181 1287 τὸν
1203 1245 1277 1299 μὲν
1300 1243 1426 1294 εὐθὺς
1449 1243 1615 1299 λέγοντα

130 1319 194 1364 ὅτι
217 1318 458 1376 ἀπεγνωκὼς
485 1316 561 1372 τὴν
595 1315 747 1359 ἅλωσιν
777 1316 912 1359 αὐτῶν
943 1316 985 1364 ἐς
1007 1314 1081 1369 τὴν
1102 1314 1298 1371 Λοκρίδα
1318 1313 1614 1369 προδιδομένην

132 1389 245 1447 αὗτῷ
274 1388 410 1444 μέλλει
443 1386 652 1443 ἀπαιρεῖν,
685 1385 756 1428 τὸν
776 1385 823 1428 δ’
850 1385 985 1441 ἕτερον
1006 1382 1111 1437 μετὰ
1133 1386 1254 1426 τοῦτο
1280 1380 1335 1432 ὦς
1358 1383 1399 1424 ἐν
1423 1380 1506 1440 ὁδῷ
1529 1383 1614 1424 ἐστι

133 1455 507 1514 διαβεβαιούμενον.
575 1456 644 1498 καὶ
667 1454 746 1512 γὰρ
766 1456 836 1497 ἵνα
859 1455 991 1496 πίστιν
1015 1450 1036 1495 ὃ
1063 1449 1183 1508 λόγος
1204 1451 1290 1510 ἔχῃ,
1317 1450 1615 1494 ἀνεσκευάσατο

47 1531 126 1576 ”Ὤο
137 1529 204 1571 καὶ
225 1531 499 1584 προσεποιεῖτο
522 1523 770 1581 ἐπείγεσθαι.
840 1521 862 1565 ὅ
890 1527 987 1579 γοῦν
1015 1520 1256 1576 Νικόμαχος
1281 1519 1498 1571 πιστεύσας
1520 1518 1619 1563 τού-

944 1591 957 1607 ,
995 1592 1007 1608 ἱ
1047 1591 1060 1606 ³
1102 1589 1110 1606 Ι

134 1614 221 1648 τοις
253 1597 341 1652 (καὶ
373 1595 412 1639 οἱ
443 1591 692 1637 κατάσκοποι
721 1592 801 1651 γὰρ
832 1591 882 1635 τὰ
908 1609 1014 1635 αυτα
1037 1591 1297 1648 ανηγγελλον)
1319 1589 1390 1632 τὸν
1414 1587 1616 1647 Κρότωνα
1643 1597 1670 1632 P
1688 1597 1794 1635 1378

227 1716 250 1750 5
273 1710 546 1762 δυσπροβάτων
566 1714 610 1749 Β.
717 1708 786 1757 μὲν
811 1723 866 1747 om
887 1710 931 1750 Α.
1038 1711 1084 1746 10
1107 1705 1190 1755 ἐπὶ]
1213 1704 1293 1744 ἐπεὶ
1319 1710 1364 1744 C.
1479 1709 1525 1744 13
1550 1698 1620 1744 οὖν

228 1773 284 1797 om
306 1762 351 1799 C.
400 1775 403 1777 ’
491 1761 538 1797 14
560 1756 842 1804 ἐπιδραμόντων
863 1758 908 1794 Β.
1063 1758 1108 1792 15
1133 1753 1388 1801 αἰχμαλώτους
1408 1755 1621 1800 ψευὸαυτο-

229 1805 368 1854 μόλους
388 1807 470 1851 AB,
494 1803 822 1850 φευὸαυτομόλους
846 1799 1101 1848 αἰχμαλώτους
1122 1803 1210 1838 PW.
1395 1803 1440 1838 19
1466 1799 1487 1837 ὁ
1514 1799 1621 1847 λόγος

234 1851 299 1900 ἔχῃ
322 1853 400 1898 ΑΒ,
424 1850 488 1900 ἔχη
513 1849 534 1886 ὁ
556 1849 664 1897 λόγος
685 1851 728 1895 C,
754 1848 816 1897 ἔχῃ
842 1847 949 1894 λόγος
969 1850 1062 1885 PW.
1154 1849 1200 1882 20
1224 1840 1292 1883 οὗν
1315 1848 1390 1884 ΑΒ.
1485 1848 1530 1885 21
1547 1845 1618 1893 γὰρ

234 1912 291 1936 om
315 1900 362 1936 A.
483 1895 659 1944 νήγγελον
679 1899 723 1933 Α.
815 1897 862 1932 21
886 1901 923 1931 et
948 1908 984 1941 p.
1010 1895 1079 1931 124
1100 1907 1136 1930 v.
1151 1895 1174 1929 3
1197 1892 1287 1939 τὸν]
1310 1892 1380 1940 τὴν
1401 1895 1430 1929 Β
1456 1907 1500 1930 ex
1523 1907 1617 1930 corr.

141 2003 206 2040 ciis
229 2002 406 2038 Samnium
436 2001 662 2043 invaserunt3
697 1998 862 2045 agrisque
896 1997 1049 2032 vastatis
1071 1997 1218 2032 castella
1241 1996 1409 2042 quaedam
1433 1996 1477 2032 ab
1500 1996 1625 2032 incolis

141 2051 285 2086 deserta
308 2051 538 2095 occuparunt.
584 2046 758 2081 Samnites
782 2045 873 2079 enim
896 2044 934 2078 in
956 2047 1091 2078 montes
1111 2043 1290 2087 Cranitas,
1314 2043 1374 2088 qui
1398 2054 1423 2081 a
1444 2054 1627 2078 cornorum

142 2095 344 2142 frequentia
367 2095 421 2130 sic
443 2094 618 2138 dicuntur,
642 2092 820 2127 carissima
842 2091 993 2138 pignora
1016 2095 1054 2125 et
1075 2089 1331 2136 pretiosissima
1355 2101 1517 2135 quaeque
1541 2101 1628 2125 con-

143 2143 316 2178 tulerunt.
361 2141 528 2176 Romanis
549 2139 659 2185 igitur
679 2151 746 2186 per
768 2142 1001 2184 contemptum
1027 2148 1089 2171 eos
1111 2141 1244 2171 montes
1268 2137 1504 2171 conscendere
1520 2136 1627 2182 ausis,

141 2199 291 2235 asperos
313 2190 421 2234 atque
443 2187 583 2230 arduos,
607 2185 709 2221 multi
736 2186 993 2228 occubuerunt,
1015 2183 1112 2218 multi
1136 2183 1234 2228 capti
1255 2187 1350 2218 sunt.

281 2235 370 2270 Eius
393 2233 503 2268 cladis
528 2234 662 2279 culpam
685 2233 844 2267 consules
868 2232 957 2266 alter
981 2231 1018 2264 in
1045 2230 1190 2264 alterum
1214 2230 1445 2272 conferentes,
1471 2228 1514 2262 de
1537 2240 1630 2263 com-

144 2281 241 2316 muni
270 2280 446 2316 sententia
473 2279 600 2315 bellum
630 2291 755 2325 gerere
778 2278 1001 2314 destiterunt.
1050 2287 1092 2310 ac
1115 2276 1237 2310 Iunius
1260 2280 1393 2322 partem
1414 2275 1629 2309 Samniticae

143 2327 292 2362 dicionis
315 2327 492 2362 vastavitz
515 2326 661 2360 Rufinus
684 2326 844 2360 Lucanos
870 2328 907 2358 et
930 2323 1089 2358 Bruttios
1112 2322 1253 2357 afflixit.
1300 2325 1339 2356 et
1372 2321 1416 2355 ad
1439 2321 1630 2356 Crotonem

146 2374 422 2420 recuperandam
444 2374 624 2420 profectus
650 2377 724 2416 est,
749 2383 839 2418 quae
862 2371 1043 2405 defecerat
1067 2381 1088 2404 a
1111 2368 1296 2412 Romanis,
1322 2369 1510 2403 arcessitus
1535 2379 1555 2401 a
1579 2369 1633 2402 fa-

147 2419 342 2455 miliaribus
360 2420 446 2456 suis.
494 2419 557 2454 sed
580 2419 725 2462 caeteri,
751 2422 836 2453 ante
859 2417 1046 2452 adventum
1069 2415 1164 2460 eius,
1189 2415 1411 2461 praesidium,
1443 2415 1500 2449 cui
1520 2413 1635 2449 Nico·

147 2467 292 2501 machus
315 2469 498 2513 praeerat,
534 2476 555 2500 a
577 2466 710 2501 Milone
734 2464 1008 2499 arcessiverant.
1055 2462 1152 2496 cuius
1182 2462 1236 2496 rei
1258 2462 1402 2507 ignarus
1427 2473 1503 2495 cum
1527 2465 1567 2494 ut
1590 2459 1634 2495 ad

149 2512 338 2548 amicorum
362 2512 498 2548 moenia
519 2512 754 2558 negligentius
779 2510 1007 2553 accessisset,
1031 2509 1150 2544 subita
1172 2508 1323 2543 hostium
1349 2507 1534 2562 eruptione
1558 2506 1638 2541 cla-

150 2558 229 2594 dem
251 2559 404 2605 accepit.
451 2558 576 2594 deiude
599 2563 677 2593 arte
701 2558 847 2604 quadam
870 2557 958 2591 urbe
983 2556 1115 2602 potitus
1139 2559 1207 2589 est.
1255 2555 1344 2588 duos
1369 2565 1457 2588 enlm
1474 2554 1635 2599 captivos

150 2606 412 2651 transfugarum
436 2604 539 2640 titulo
563 2606 753 2640 Crotonem
777 2604 902 2644 missis,
926 2613 1070 2647 quorum
1094 2602 1184 2636 alter
1209 2600 1343 2634 diceret
1356 2611 1431 2634 eum
1447 2600 1638 2647 desperata

152 2651 251 2686 urbis
285 2651 548 2699 expugnatione
570 2651 774 2693 Locridem,
801 2662 869 2696 quo
894 2660 915 2682 a
937 2648 1178 2703 proditoribus
1202 2652 1364 2690 vocetur,
1387 2646 1634 2689 discessurum,

151 2695 244 2732 alter
278 2698 406 2733 deinde
439 2698 632 2734 affirmaret
661 2709 739 2732 eum
772 2697 839 2731 iam
868 2695 904 2730 in
934 2694 1062 2729 ltinere
1086 2706 1177 2729 esse.
1226 2704 1316 2739 quae
1341 2693 1452 2727 oratio
1477 2697 1518 2727 ut
1541 2696 1636 2727 esset

153 2744 387 2790 probabilior,
424 2744 571 2780 sarcinis
606 2744 761 2779 collectis
792 2754 831 2777 se
862 2752 1055 2788 properare
1084 2740 1275 2776 simulavit.
1333 2739 1369 2774 id
1398 2739 1635 2775 Nicomachus

152 2801 274 2825 verum
308 2801 388 2826 esse
419 2796 517 2827 ratus
549 2793 642 2834 (nam
675 2789 915 2836 speculatores
946 2788 1038 2824 idem
1067 2786 1356 2831 renuntiabant),
1393 2786 1550 2821 Crotone
1573 2785 1635 2820 de-
