1820 3120
272 97 377 145 410
748 83 979 139 IOANNIS
1011 95 1274 140 zoNARAE

271 211 496 269 μοναρχίαν
520 213 658 263 λαβεῖν
681 206 948 264 ἐπεθύμησεν,
974 206 1029 259 ὧς
1049 208 1109 264 μὴ
1133 210 1270 264 δοκοίη
1293 207 1472 254 ἀκόντων
1494 207 1646 269 ἄρχειν.
1679 212 1750 255 καὶ

221 286 254 321 D
277 280 373 330 τοὺς
398 279 508 336 αὐτῷ
536 276 715 333 μάλιστα
748 278 996 333 ἐπιτηδείους
1029 276 1345 335 παρασκευάσας
1368 280 1424 329 εἰς
1442 279 1516 334 τὴν
1536 280 1750 337 γερουσίαν

273 351 462 403 εῗσῆλθεν
485 348 659 401 ἕβδομον
681 345 915 389 ὑπατεύων·
950 347 1017 388 καὶ
1040 351 1331 402 παραιτεῖσθαι
1353 347 1478 403 λέγων
1497 347 1573 402 τὴν
1590 365 1749 404 μοναρ-

270 418 367 471 χίαν
390 418 458 460 καὶ
480 415 613 458 πάντα
634 414 713 459 ὑπὸ
737 422 822 466 τοῖς
845 415 1025 469 ἀρίστοις
1046 422 1185 467 ποιεῖν,
1217 415 1345 458 ἐδέετο
1371 413 1525 459 τούτων
1547 415 1749 468 δέξασθαι

275 485 401 528 αὐτοῦ
424 485 499 540 τὴν
520 489 593 540 τῆς
613 486 838 540 μοναρχίας
870 482 1080 526 ἀπόθεσιν.
1150 483 1188 525 οἱ
1221 484 1264 526 δὲ
1295 488 1368 539 τῆς
1396 487 1571 540 βουλῆς,
1606 484 1647 528 οἳ
1674 485 1784 539 μὲνό

275 552 426 604 εῖδότες
458 553 531 608 τὴν
564 552 727 609 γνώμην
760 553 885 607 αὐτοῦ
918 552 955 594 οἱ
990 553 1029 593 δ’
1067 549 1380 604 ὖποπτεύοντες,
1416 553 1455 596 οἳ
1487 553 1561 607 μέν
1595 553 1752 609 ἐλέγξαι.

275 622 398 665 αὐτὸν
421 622 494 664 οὐκ
518 620 732 681 ἐβούλοντο
757 621 794 663 οἱ
820 622 862 663 δ’
891 621 1154 665 ἐδεδοίκεσαν.
1207 619 1306 664 ὅθεν
1329 622 1396 663 καὶ
1419 618 1618 665 πιστεύειν
1640 622 1751 679 αὐτῷ

274 690 313 733 οἱ
344 692 418 745 μέν
450 689 690 733 ἕπλάττοντο
723 690 761 731 οἳ
794 691 837 732 δὲ
868 688 1159 745 ἠναγκάζοντο·
1194 692 1263 732 καὶ
1286 689 1453 744 ἔβίασαν
1477 691 1605 746 δῆθεν
1628 689 1752 733 αὐτὸν

275 758 503 814 αὗταρχεΐν.
572 760 638 801 καὶ
662 757 735 812 τὴν
757 759 831 813 μὲν
855 756 1070 813 ἡγεμονίαν
1093 756 1222 809 οὕτως
1244 757 1356 816 παρά
1380 776 1422 802 τε
1444 762 1518 814 τῆς
1539 759 1753 816 γερουσίας

274 829 342 870 καὶ
365 831 437 870 τοῦ
462 825 593 882 δήμου
617 826 914 881 ἐβεβαιώσατο,
940 829 1007 869 καὶ
1033 827 1106 882 τὴν
1129 829 1327 884 φροντίδα
1350 831 1431 870 τῶν
1453 832 1596 871 κοινῶν
1616 831 1783 872 πᾶσανΙ

273 894 511 947 ὑπεδέξατο.
579 901 660 938 τῶν
693 896 736 938 δ’
775 898 909 938 ἐθνῶν
940 896 992 938 τὰ
1023 897 1097 951 μὲν
1131 897 1405 953 ἀσθενέστερα
1429 894 1486 947 ὥς
1507 894 1688 952 εῖρηναῖά
1709 913 1752 940 τε

273 967 341 1006 καὶ
365 963 550 1019 ἀπόλεμα
575 964 753 1007 ἀπέδωκε
777 969 828 1021 τῇ
848 969 1004 1021 βουλῇ,
1032 965 1084 1008 τὰ
1110 965 1153 1007 δ’
1181 963 1422 1022 ἰσχυρότερα
1446 963 1503 1015 ὦς
1524 965 1754 1008 ἐπικίνδυνα

86 1041 116 1076 Ρ
138 1042 158 1076 Ι
182 1037 251 1077 533
274 1032 382 1087 τάχα
407 1035 472 1076 καὶ
496 1034 684 1091 σφαλερὰ
706 1034 895 1087 κατέσχεν
918 1031 1062 1086 αὐτός,
1097 1032 1259 1089 δοκήσει
1285 1034 1359 1088 μὲν
1381 1032 1492 1084 ὅπως
1512 1031 1539 1088 ἦ
1562 1034 1752 1091 γερουσία

273 1102 326 1146 τὰ
349 1101 546 1145 κάλλιστα
569 1107 642 1156 τῆς
663 1103 792 1159 ἀρχῆς
814 1107 1031 1161 καρπῷτο,
1078 1102 1188 1161 αὐτῷ
1225 1103 1268 1144 δ’
1306 1102 1345 1145 οἱ
1377 1101 1491 1146 πόνοι
1524 1103 1752 1155 ἐπίκεινται,

272 1174 325 1228 τῇ
348 1171 388 1212 δ’
416 1171 681 1231 ἀληθείαῖνα
705 1173 845 1214 ἐκεῖνοι
867 1172 940 1225 μὲν
962 1173 1030 1213 καὶ
1054 1170 1200 1214 ἄοπλοι
1222 1173 1289 1214 καὶ
1312 1170 1465 1226 ἄμαχοι
1488 1165 1610 1224 αἷσιν,
1631 1171 1810 1222 αὐτὸς-15

275 1240 320 1283 δὲ
343 1242 411 1282 καὶ
435 1239 541 1282 ὅπλα
566 1240 636 1296 ἔχῃ
660 1242 728 1282 καὶ
753 1238 1005 1296 στρατιώτας
1026 1241 1169 1297 τρέφῃ.
1208 1241 1278 1282 ἵνα
1302 1241 1346 1283 δὲ
1366 1239 1426 1295 μή
1449 1257 1488 1283 τι
1509 1239 1755 1298 μοναρχικὸν

275 1310 415 1363 δοκοίη
441 1316 616 1366 φρονεῖν,
653 1310 694 1359 ἐς
718 1309 814 1351 δέκα
837 1308 903 1363 ἔτη
930 1309 1004 1363 τὴν
1028 1309 1158 1365 ἀρχὴν
1181 1314 1261 1352 τῶν
1284 1309 1621 1364 ἀπονεμηθέντων
1643 1308 1755 1367 αὐτῷ

273 1378 528 1428 κατεδέξατο.
596 1376 778 1435 τοσούτῳ
816 1378 896 1434 γὰρ
927 1376 1064 1435 χρόνῳ
1103 1378 1209 1420 αὐτοὶ
1244 1376 1512 1434 καταστήσειν
1545 1376 1755 1432 ὑπέσχετο,
1778 1402 1781 1405 -

272 1444 380 1505 λόγῳ
415 1450 546 1489 ταῦτα
579 1444 930 1502 ἐπαγγελλόμενος.
1000 1451 1073 1501 τῆς
1114 1446 1192 1503 γὰρ
1237 1448 1444 1498 δεκαετίας
1483 1448 1755 1503 περανθείσης

274 1514 392 1572 ἕτερα
417 1515 531 1558 πέντε
555 1513 645 1570 ἴτη,
679 1514 752 1558 εἶτ’
780 1510 904 1565 αὖθις
926 1515 1040 1558 πέντε
1062 1517 1130 1558 καὶ
1152 1515 1258 1569 μετὰ
1279 1521 1399 1558 τοῦτο
1424 1515 1522 1557 δέκα
1545 1517 1612 1557 καὶ
1636 1516 1811 1572 &epam

273 1581 409 1635 πάλιν,
435 1581 622 1634 πεντάκις
644 1583 755 1642 αὐτῷ
778 1584 1010 1641 ἐψηφίσθη,
1041 1582 1143 1628 ὥστε
1166 1588 1218 1640 τῇ
1239 1588 1321 1627 τῶν
1344 1585 1636 1641 δεκαετηρίδων
1660 1586 1753 1627 δια-

219 1656 250 1691 Β
294 1653 396 1710 δοχῇ
421 1653 490 1695 διὰ
511 1654 604 1707 βίου
626 1657 883 1710 μοναρχῆσαι
905 1650 1042 1695 αὐτόν.
1107 1654 1328 1696 κάντεῦθεν
1359 1654 1427 1695 καὶ
1458 1653 1497 1695 οἱ
1516 1652 1608 1707 μετ’
1635 1652 1759 1696 αὐτὸν
1819 1649 1820 1654 ’

364 1760 411 1795 10
434 1760 509 1794 τῶν
533 1759 670 1795 κοινῶν
692 1760 818 1794 πᾶσαν
841 1759 871 1794 Α
895 1759 978 1803 Dio,
1003 1759 1132 1795 πᾶσαν
1153 1759 1228 1795 τῶν
1249 1759 1385 1795 κοινῶν
1406 1761 1501 1796 Pw.
1619 1761 1664 1796 12
1684 1757 1757 1794 α’π-

366 1803 480 1840 έδωκε
503 1806 534 1841 Α
555 1806 634 1849 Dio,
667 1802 881 1851 προσένειμε
907 1807 998 1840 PW.
1139 1808 1183 1842 21
1209 1803 1404 1851 πεντάκις]
1429 1803 1540 1841 πέντε
1561 1806 1611 1840 W
1633 1812 1757 1842 contra

363 1852 521 1887 codicum
551 1853 806 1888 auctoritatem.
858 1849 1060 1893 “nsvroimg
1093 1853 1161 1889 duo
1195 1853 1301 1897 Regii
1333 1859 1370 1887 et
1401 1852 1634 1888 Oolberteun
1665 1852 1756 1888 alter
1808 1860 1820 1863 “

362 1898 497 1943 Regius
519 1896 585 1932 καὶ
607 1895 813 1939 πεντάκις”
836 1899 1075 1934 Domnulus.
1220 1899 1266 1933 22
1287 1894 1369 1944 μετ’
1394 1895 1520 1933 αὐτῶν
1541 1898 1618 1934 Ac,
1799 1910 1801 1913 ·

274 1989 415 2023 honoris
439 1989 616 2023 desiderio
645 1990 826 2035 imperium
851 2002 872 2024 a
895 1990 1094 2025 volentibus
1118 1991 1280 2035 accipere
1303 1989 1540 2033 desideravit,
1565 2001 1607 2024 ac
1631 2001 1676 2024 ne
1700 1990 1758 2023 in-

273 2035 357 2069 vitis
381 2036 554 2080 imperare
579 2036 774 2079 videretur,
798 2037 1000 2071 subornatis
1025 2037 1156 2070 intimis
1178 2037 1252 2071 suis
1272 2036 1455 2081 septimum
1471 2036 1642 2070 consalin
1658 2035 1757 2070 ouria

273 2082 482 2127 deprecatus
508 2087 562 2116 est
584 2083 789 2127 imperium,
826 2088 861 2117 et
892 2095 1023 2117 summa
1053 2094 1169 2117 rerum
1205 2083 1429 2127 optimatibus
1462 2081 1668 2117 demandata
1694 2093 1754 2116 eos

273 2127 415 2172 rogavit
446 2132 486 2161 ut
519 2139 631 2173 aequo
664 2130 776 2162 animo
803 2140 840 2163 se
864 2130 1038 2174 privatam
1063 2130 1171 2164 vitam
1196 2140 1301 2173 agere
1325 2133 1542 2172 paterentur.
1591 2133 1628 2162 at
1653 2138 1756 2163 sena-

274 2177 371 2207 tores
405 2173 479 2208 eius
515 2175 723 2208 sententiam
757 2175 882 2219 partim
916 2176 1067 2209 scientes
1097 2175 1224 2220 partim
1248 2174 1488 2219 suspicantes,
1519 2173 1582 2208 alii
1605 2185 1756 2218 arguere

272 2220 450 2262 nolebant,
479 2219 537 2253 alii
560 2221 744 2255 timebant.
779 2232 854 2255 cum
876 2222 985 2266 igitur
1009 2222 1040 2255 ei
1065 2221 1208 2255 credere
1233 2221 1293 2254 alii
1314 2221 1502 2265 fingerent,
1525 2219 1588 2254 alii
1612 2231 1756 2255 necesse

272 2266 463 2310 haberent,
499 2267 681 2310 imperium
715 2267 869 2300 retinere
902 2273 1044 2302 coactus
1069 2273 1124 2301 est
1146 2267 1295 2301 scilicet.
1342 2278 1410 2311 quo
1435 2266 1480 2300 nd
1504 2266 1596 2300 bunc
1618 2266 1755 2300 modum

273 2323 294 2346 a
318 2317 444 2345 senatu
469 2313 668 2356 populoque
693 2313 830 2346 firmato
846 2340 854 2356 ,
893 2325 1025 2350 omnem
1057 2314 1125 2347 rei.
1141 2313 1301 2358 publicae
1324 2324 1440 2346 curam
1462 2312 1498 2345 in
1523 2323 1562 2346 se
1585 2312 1756 2357 suscepit.
1814 2316 1815 2319 ’

271 2358 475 2404 provincias
500 2358 708 2392 infirmiores
733 2365 771 2393 ut
794 2365 938 2404 pacatas
963 2366 1000 2394 et
1022 2359 1178 2394 imbelles
1206 2359 1368 2393 attribuit
1390 2357 1549 2401 senatui,
1580 2358 1754 2392 firmiores

274 2408 312 2438 ut
337 2405 553 2448 periculosas
578 2410 613 2438 et
638 2417 758 2449 parum
784 2411 879 2439 tutas
902 2406 980 2450 ipse
1005 2406 1162 2440 retinuit.
1188 2405 1224 2439 id
1247 2416 1289 2438 eo
1315 2404 1525 2449 pertinebat,
1548 2409 1589 2438 ut
1612 2408 1755 2438 senatus

274 2450 512 2495 pulcherrimis
537 2451 675 2495 imperii
702 2453 860 2495 partibus
886 2452 965 2495 frui,
992 2453 1068 2498 ipse
1087 2453 1227 2486 labores
1248 2451 1421 2484 sustinere
1444 2451 1644 2485 videretur:
1677 2461 1755 2484 eum

273 2497 308 2529 id
335 2497 408 2529 eius
434 2497 612 2530 consilium
638 2503 745 2541 esset,
769 2504 809 2532 ut
829 2499 880 2532 illi
903 2499 1052 2533 inermes
1078 2502 1116 2532 et
1139 2497 1293 2531 imbelles
1318 2501 1457 2540 essent,
1480 2497 1556 2543 ipse
1579 2507 1676 2531 arma
1699 2503 1755 2529 te-

273 2548 373 2576 neret
397 2547 433 2576 et
457 2543 584 2577 milites
609 2543 733 2577 aleret.
776 2556 817 2578 ac
841 2556 885 2578 ne
910 2546 993 2589 quid
1018 2542 1158 2590 regium*
1174 2555 1258 2588 prae
1283 2555 1321 2577 se
1345 2544 1469 2586 ferret,
1494 2545 1530 2576 in
1553 2542 1754 2586 provincias

273 2587 338 2621 sibi
363 2588 551 2623 attributas
574 2589 754 2633 imperium
778 2591 822 2624 ad
848 2592 1051 2625 decennium
1074 2590 1234 2634 accepit,
1270 2594 1400 2634 quanto
1431 2594 1591 2634 tempore
1612 2600 1650 2622 se
1671 2588 1749 2621 illas

272 2639 475 2678 pacaturum
499 2636 737 2680 pollicebatur.
764 2637 824 2670 sed
851 2648 892 2671 ea
915 2637 1073 2672 nimirum
1096 2637 1207 2670 verba
1231 2639 1355 2670 erant:
1380 2636 1481 2669 finito
1505 2634 1596 2669 enim
1620 2635 1750 2668 decen-

274 2679 330 2712 nio
355 2680 627 2725 quinquennium
651 2682 685 2716 ei
709 2682 885 2717 decretum
910 2688 989 2727 est,
1024 2682 1148 2717 deinde
1173 2682 1319 2716 alterum
1343 2681 1637 2727 quinquennium,
1670 2681 1752 2734 post

274 2725 496 2771 decennium,—
514 2732 550 2761 et
574 2728 668 2762 aliud
692 2728 829 2772 iterum,
855 2730 978 2773 quinta
1002 2729 1100 2764 vice:
1125 2729 1176 2763 ita
1199 2732 1240 2762 ut
1262 2728 1507 2762 decenniorum
1529 2736 1750 2762 successione

276 2782 338 2817 per
361 2783 494 2807 omnem
518 2778 669 2809 aetatem
693 2775 786 2810 solus
812 2787 926 2810 rerum
950 2776 1138 2822 potiretur.
1186 2774 1276 2808 unde
1309 2775 1437 2809 factum
1466 2778 1520 2809 est
1543 2778 1582 2809 ut
1602 2773 1751 2818 impera-
