1820 3120
283 94 385 142 470
757 62 986 136 mmms
1020 92 1282 136 ZONARAE

232 220 263 255 c
289 203 462 262 αγαγών,
501 204 570 247 ἰ’να
605 204 664 259 μὴ
700 204 904 262 ἀδελφοὺς
939 208 1172 259 συνοικίζειν
1209 207 1331 264 δοκῇ,
1372 206 1602 265 ἐνεγγύησεν
1634 210 1760 270 αὐτῷ.

275 274 511 331 Ἀγριππίνα
546 273 589 315 δὲ
618 275 686 315 καὶ
711 275 1002 331 Καλπουρνίαν
1033 282 1204 331 γυναῖκα
1233 279 1314 318 τῶν
1337 260 1507 333 πρώτων
1530 275 1760 336 ἐφυγάδευ-

282 359 364 393 σεν,
405 340 432 396 ἢ
469 339 524 392 ὡς
559 341 714 397 λέγεται
749 346 817 386 καὶ
850 344 1090 395 ἀπέκτεινεν,
1133 343 1270 397 ἐπειδὴ
1305 344 1352 386 τὸ
1389 342 1700 401 κάλλος-ἀὐτῆς
1734 345 1757 390 ὅ

281 407 492 459 Κλαύδιος
515 408 728 465 ἐθαύμασε
760 414 828 454 καὶ
862 411 1041 469 ἐπῄνεσε.
1108 416 1182 455 τοῦ
1215 412 1259 454 δὲ
1290 411 1482 470 Νέρωνος
1513 413 1650 468 (roffio
1679 416 1758 471 γὰρ

279 479 326 520 τὸ
364 476 494 532 ὄνομα
529 478 595 520 ἐπ’
636 481 746 538 αὐτῷ
781 480 1018 537 ἐξενίκησεν)
1056 480 1098 531 ἔς
1132 479 1226 531 τοὺς
1261 480 1444 537 ἐφήβους
1477 482 1792 540 ἐγγραφέντος,5

280 545 386 590 κατὰ
409 547 484 601 τὴν
505 545 660 603 ἡμέραν
685 549 726 590 ἐν
749 543 775 605 ᾖ
799 548 997 606 ἐνεγράφη
1021 549 1066 591 τὸ
1091 547 1299 603 δαιμόνιον
1321 547 1394 604 τήν
1415 567 1458 593 τε
1479 554 1556 606 γῆν
1573 551 1637 596 ἐπὶ
1653 554 1756 595 πολὺ

281 613 407 658 ἔσεισε
432 616 500 657 καὶ
525 613 656 672 φόβον
678 618 821 667 νυκτὸς
843 623 964 661 πᾶσιν
988 615 1138 671 ὁμοίως
1161 618 1336 671 ἐνέβαλε.
1405 618 1553 676 Νέρων
1577 620 1658 675 μὲν,
1686 615 1759 663 οὖν

279 682 436 737 ηὔξετο,
475 686 742 741 Βρεττανικὸς
765 686 808 728 δὲ
835 686 925 730 οὔτε
948 686 1039 730 τινὰ
1061 686 1182 741 τιμὴν
1207 685 1298 729 οὕτε
1323 687 1555 742 ἐπιμέλειαν
1571 685 1695 742 εἶχεν·
1729 687 1757 743 ἦ

279 751 358 807 γὰρ
377 751 614 808 Ἀγριππίνα
637 754 732 804 τοὺς
757 755 1016 810 περιέποντας
1040 755 1163 798 αὐτὸν
1188 754 1283 805 τοὺς
1306 756 1380 809 μὲν
1403 754 1574 811 ἐξήλασε
1593 756 1689 808 τούς
1712 757 1758 801 δὲ

227 825 259 859 D
283 822 351 862 καὶ
375 820 597 863 ἀπέκτεινε·
635 824 702 864 καὶ
725 823 795 865 τὸν
819 825 1035 876 Σωσίβιον,
1069 817 1103 881 ᾧ
1134 821 1160 878 ἦ
1193 823 1326 880 τροφὴ
1359 823 1486 867 avito&
1510 826 1579 868 καὶ
1607 822 1635 880 ἦ
1658 830 1787 868 παι-1

279 890 367 930 &fla
390 890 695 943 προσετέτακτο,
718 892 967 949 κατέσφαξεν
991 889 1047 941 ὡς
1069 895 1127 949 τῷ
1149 892 1308 948 Νέρωνι
1331 890 1656 947 ἐπιβουλεύοντα.
1687 895 1758 936 καὶ

278 958 523 1013 παραδοῦσα
547 958 671 1001 αὐτὸν
694 957 755 1010 οἷς
777 959 938 1014 ἤθελεν,
972 959 1064 1003 οὔτε
1087 964 1146 1018 τῷ
1167 962 1289 1017 πατρὶ
1311 967 1488 1004 συνεῖναι
1510 959 1602 1005 οὗτε
1625 964 1756 1017 δημο-

279 1023 424 1067 σιεύειν
450 1025 525 1068 εἴα.
576 1026 752 1081 ἠδύνατο
779 1030 822 1071 δὲ
845 1027 1002 1081 πάντα,
1034 1033 1107 1071 τοῦ
1132 1029 1342 1071 Κλαυδίου
1365 1034 1574 1087 κρατοῦσα
1595 1032 1664 1072 καὶ
1686 1030 1757 1074 τὸν

278 1092 515 1150 Νάρκισσον
546 1097 613 1136 καὶ
646 1096 716 1139 τὸν
748 1096 976 1139 Πάλλαντα
1009 1096 1322 1152 οἷκειωσαμένη·
1357 1095 1380 1141 ὃ
1411 1098 1490 1155 γὰρ
1523 1096 1757 1150 Κάλλιστος

278 1162 343 1203 ἐπὶ
366 1162 470 1206 πολὺ
493 1163 764 1220 προχωρήσας
786 1164 996 1220 δυνάμεως
1017 1163 1282 1220 ἐτελεύτησεν.
1765 1172 1812 1208 15

420 1231 472 1273 Oi
494 1231 733 1289 ἀστρολόγοι
758 1235 802 1276 δὲ
824 1236 865 1285 ἐξ
889 1232 1049 1289 ἁπάσης
1072 1238 1147 1289 τῆς
1163 1234 1335 1284 Ἰταλίας
1357 1231 1591 1289 ἠλάθησαν,
1627 1236 1695 1278 καὶ
1717 1235 1758 1278 οἳ

278 1292 415 1349 αὐτοῖς
438 1300 712 1355 συγγινόμενοι
739 1301 1040 1357 ἐκολάσθησαν.
1110 1301 1358 1359 Καράτακος
1381 1303 1429 1345 δέ
1449 1319 1510 1353 τις
1531 1301 1758 1361 βαρβάρων

62 1374 107 1407 W
131 1372 167 1408 11
190 1373 259 1412 186
281 1366 458 1423 ἀρχηγὸς
488 1366 611 1419 ἁλοὺς
634 1372 702 1412 καὶ
727 1372 783 1420 εἷς
805 1372 878 1426 τὴν
904 1369 1063 1425 Ῥώμην
1088 1371 1231 1425 ἀχθείς
1243 1403 1256 1423 ,
1291 1372 1359 1413 καὶ
1383 1370 1621 1427 συγγνώμης
1642 1372 1757 1428 παρὰ

277 1440 352 1478 τοῦ
388 1438 598 1480 Κλαυδίου
635 1437 789 1493 τυχών,
838 1437 922 1481 εἶτα
958 1438 1248 1493 περινοστήσας
1281 1439 1355 1493 τὴν
1388 1438 1504 1481 πόλιν
1538 1439 1644 1495 μετὰ
1679 1440 1756 1495 τὴν

93 1509 122 1542 Ρ
145 1509 163 1543 Ι
186 1508 255 1547 566
279 1502 438 1561 ἄφεσιν,
472 1506 540 1547 καὶ
562 1506 661 1550 ἰδών
685 1507 810 1563 αὐτῆς
831 1507 904 1562 τὴν
927 1506 1193 1564 λαμπρότητα
1222 1509 1290 1550 καὶ
1321 1507 1367 1550 τὸ
1399 1508 1576 1564 μέγεθος
1604 1506 1812 1552 “εῗτα”20

368 1657 391 1691 2
415 1655 479 1691 καὶ
503 1669 557 1692 om
581 1658 621 1694 A.
739 1659 997 1704 καλπουρίναν
1019 1660 1092 1705 AB,
1115 1657 1338 1703 καλπερίναν
1363 1659 1407 1695 C.
1518 1661 1540 1694 5
1565 1657 1608 1695 τὸ
1632 1672 1685 1695 om
1710 1661 1754 1696 Β.
1819 1635 1820 1695 l

371 1702 392 1738 7
417 1700 551 1744 Νέρων
570 1725 617 1731 -
642 1705 684 1740 13
701 1704 931 1749 δημοσιεύειν
955 1706 1027 1750 εἴα,
1052 1705 1177 1740 omissa
1202 1705 1238 1738 in
1262 1705 1384 1739 Dionis
1409 1706 1599 1750 codicibus,
1625 1707 1756 1741 babent
1819 1703 1820 1729 1

370 1749 458 1785 Exc.
476 1749 632 1785 Peiresc.
697 1751 742 1784 10
756 1750 820 1785 καὶ
835 1753 980 1796 primum
998 1763 1051 1785 om
1068 1753 1109 1788 A.
1177 1750 1349 1796 σωσίβιον
1364 1751 1406 1794 C,
1425 1751 1602 1798 Σοσίβιον
1619 1753 1645 1786 Ρ
1663 1763 1755 1798 quae

370 1795 406 1828 in
431 1796 525 1829 notis
549 1796 744 1842 Σωσίβιον,
770 1798 942 1831 σωσίκιον
964 1797 1055 1831 Bw.
1194 1796 1238 1831 13
1261 1793 1428 1841 ἠδύνατο
1451 1816 1497 1824 --
1518 1810 1556 1844 p.
1579 1797 1646 1833 471
1670 1810 1706 1832 v.
1731 1798 1755 1832 2

369 1837 585 1883 ἐπιθυμεῖτε
609 1854 662 1876 om
688 1843 811 1877 Dionis
835 1843 987 1876 codices.
1131 1843 1175 1876 14
1198 1840 1379 1876 Πάλαντα
1401 1843 1490 1887 PW,
1526 1855 1616 1888 quae
1648 1855 1754 1888 supra
1790 1850 1804 1859 *

372 1884 533 1926 Πάλλας.
630 1887 672 1922 17
690 1886 915 1931 Κοιράτακος
936 1908 981 1913 -
1007 1902 1042 1933 ρ.
1068 1888 1134 1925 471
1166 1900 1198 1922 v.
1224 1889 1247 1923 2
1272 1883 1500 1934 ἐπιθυμεῖτε]
1521 1889 1645 1925 Dionis
1661 1890 1751 1926 Exc.

371 1933 454 1966 Vat.
480 1931 536 1977 90,
562 1933 620 1968 ubi
645 1934 717 1968 τῶν
741 1934 958 1979 Βρεττανῶν
980 1931 1103 1979 ἄρχων
1128 1931 1339 1979 Καρτοὶκης.

281 2068 445 2114 copulare
470 2069 661 2112 videretur,
697 2070 730 2104 ei
753 2070 951 2115 despondit.
998 2070 1192 2117 Agrippina
1216 2070 1440 2116 Calpurniam
1463 2081 1603 2116 quoque
1625 2070 1758 2117 princi-

278 2126 356 2159 pem
381 2119 573 2149 matronam
600 2116 654 2149 vel
676 2116 711 2150 in
739 2117 896 2151 exsilium
919 2117 994 2162 egit
1020 2118 1095 2160 vel,
1130 2122 1169 2151 ut
1192 2118 1326 2161 fertur,
1356 2116 1460 2151 etiam
1484 2117 1633 2161 occidit,
1660 2117 1754 2162 quod

280 2160 451 2195 claudius
475 2162 551 2195 eius
576 2162 719 2196 formam
745 2163 933 2197 admiratus
958 2166 1053 2197 esset
1074 2174 1116 2197 ac
1139 2163 1331 2198 laudasset.
1376 2174 1444 2208 quo
1468 2163 1527 2196 die
1550 2163 1647 2197 Nero
1670 2164 1754 2206 (hoc

281 2206 372 2240 enim
396 2218 519 2240 nomen
541 2208 619 2242 fere
644 2208 853 2253 usurpatur)
879 2209 1015 2243 virilem
1039 2213 1158 2254 togam
1181 2209 1349 2253 sumpsit,
1372 2213 1467 2242 terra
1490 2209 1561 2243 late
1585 2220 1754 2244 concussa

282 2256 357 2294 est,
391 2257 428 2287 et
460 2256 567 2287 noctu
599 2255 755 2288 omnibus
779 2266 824 2288 ex
849 2266 959 2300 aequo
984 2260 1100 2289 terror
1122 2255 1293 2291 incussus.
1341 2255 1578 2289 crescentibus
1601 2255 1755 2289 Neronis

281 2298 405 2342 opibus
430 2298 650 2333 Britannicus
675 2301 749 2334 sine
774 2301 841 2334 ullo
868 2302 997 2335 honore
1023 2302 1163 2346 penitus
1185 2301 1451 2345 negligebatur,
1487 2299 1656 2335 ministris
1680 2301 1755 2335 eius

280 2345 324 2377 ab
350 2344 546 2390 Agrippina
569 2346 693 2390 partim
715 2347 847 2391 fugatis
870 2347 996 2393 partim
1021 2347 1157 2383 occisis.
1203 2346 1363 2380 Sosibius
1387 2351 1522 2390 autem,
1546 2347 1604 2380 cui
1627 2346 1755 2380 educa-

281 2389 330 2423 tio
354 2395 390 2424 et
410 2390 588 2425 institutio
610 2391 703 2426 illius
727 2393 887 2427 mandata
911 2398 1001 2437 erat,
1025 2394 1125 2438 quasi
1150 2392 1283 2426 Neroni
1307 2392 1493 2426 insidiatus
1517 2396 1624 2434 esset,
1645 2393 1757 2426 inter-

281 2435 396 2470 fectus
420 2441 485 2470 est.
532 2436 770 2472 Britannicum
802 2450 887 2473 vero
917 2439 959 2472 iis
991 2439 1206 2473 commissum
1238 2449 1325 2483 quos
1356 2437 1431 2482 ipso
1462 2439 1658 2483 probabat,
1689 2450 1755 2472 nec

282 2493 358 2515 cum
390 2486 494 2527 patre
524 2483 648 2517 vivere
679 2495 744 2518 nec
774 2485 917 2529 prodire
947 2485 983 2518 in
1015 2485 1188 2531 publicum
1220 2495 1323 2529 passa
1354 2488 1424 2518 est.
1472 2489 1615 2529 poterat
1638 2490 1755 2518 autem

282 2527 418 2572 omnia,
451 2539 526 2562 cum
551 2529 697 2563 Claudio
723 2530 959 2565 dominaretur
982 2536 1017 2564 et
1041 2530 1240 2564 Narcissum
1266 2541 1306 2564 ac
1331 2530 1519 2564 Pallantem
1541 2530 1669 2565 amicos
1692 2530 1755 2564 ha-

281 2573 404 2607 beret:
429 2585 504 2608 nam
529 2574 696 2610 Callistus
722 2577 913 2621 potentiam
938 2575 1115 2610 maximam
1138 2576 1286 2621 adeptus
1309 2576 1459 2611 obierat.

418 2619 599 2665 Astrologi
621 2629 693 2656 tum
717 2627 794 2656 tot-a
818 2622 918 2656 Italia
941 2621 1030 2667 pulsi
1053 2626 1154 2665 sunt,
1185 2627 1220 2655 et
1249 2622 1309 2666 qui
1334 2633 1394 2656 eos
1418 2622 1645 2662 consulebant
1668 2622 1758 2655 mul-

281 2663 359 2698 tati.
409 2665 604 2701 Caratacus
635 2668 774 2713 quidam
811 2669 1036 2702 barbarorum
1067 2667 1227 2713 princeps
1251 2671 1375 2713 captus
1398 2671 1437 2701 et
1461 2668 1603 2701 Romam
1628 2667 1753 2702 ductus

280 2709 418 2743 veniam
446 2722 466 2744 a
489 2711 635 2747 Claudio
660 2714 871 2757 impetravit.
921 2713 980 2758 qui
1004 2725 1079 2747 eum
1104 2713 1266 2747 dimissus
1298 2718 1394 2747 esset
1426 2719 1463 2748 et
1485 2713 1616 2747 Romae
1639 2713 1756 2759 splen-

280 2755 400 2790 dorem
423 2760 529 2802 atque
552 2759 810 2805 amplitudinem
834 2760 1102 2807 perlustrasset,
1132 2754 1154 2769 “
1169 2755 1293 2794 itane’'
1327 2759 1441 2806 inquit
1467 2755 1572 2795 “cum
1600 2759 1687 2794 haee
1718 2761 1756 2793 et
1796 2760 1798 2764 '
