1820 3120
255 101 353 147 282
727 101 957 146 IOANNIS
991 102 1254 151 ZONARAE

250 233 330 269 μου
355 214 401 257 τὸ
425 210 639 270 ψήφισμα.
707 215 746 257 οἳ
771 214 818 258 δέ
837 232 881 271 γε
910 218 1127 269 βουλευταὶ
1149 214 1223 270 τήν
1245 233 1288 259 τε
1309 220 1390 260 τῶν
1414 217 1619 274 πρέσβεων
1642 220 1724 262 ἷκε·-

249 284 358 325 τείαν
392 282 576 333 ἐδέξαντο
606 284 673 325 καὶ
707 283 887 334 σπονδὰς
916 284 1054 334 αὐτοῖς
1083 282 1303 338 ὑπέσχοντο
1327 293 1549 343 παρασχεῖν
1570 288 1637 330 καὶ
1659 288 1725 330 ἐπὶ

252 348 410 399 τούτοις
447 348 627 407 ὁμήρους
664 349 832 408 ᾔτησαν.
901 350 973 401 οὓς
1004 349 1190 402 Λούκιος
1220 349 1414 410 Μάρκιος
1447 355 1516 396 καὶ
1535 352 1726 412 ΔΜοίρκος

252 418 479 470 Μανίλιος,
510 421 566 468 εἷς
588 419 661 473 τὴν
684 421 870 461 Σικελίαν
893 417 1081 469 ἐλθόντες
1089 452 1102 470 ,
1133 421 1258 463 ἐκεῖσε
1281 421 1543 478 πεμφθέντας
1562 421 1725 477 ἔλαβον.

200 493 231 527 Β
253 487 321 527 καὶ
355 485 450 536 τοὺς
482 487 556 539 μὲν
592 488 648 536 εἷς
682 487 757 541 τὴν
786 485 946 541 Ῥώμην
982 486 1185 542 ἔπεμψαν,
1230 488 1345 531 αὐτοὶ
1381 489 1426 532 δὲ
1460 490 1618 547 σπουδῇ
1651 491 1759 545 τὴν5

244 554 440 610 Ἀφρικὴν
480 554 759 611 κατειλήφασι.
840 557 906 597 καὶ
936 554 1387 611 1στρατοπεδευσοῖμενοι
1424 556 1477 600 τὰ
1517 557 1610 613 τέλη
1645 563 1727 601 τῶν

252 623 546 678 Καρχηδονίων
581 624 665 664 ε’κεΐ
694 622 1026 677 μετεπέμψαντο·
1069 625 1137 665 καὶ
1173 621 1229 674 ὡς
1264 625 1480 681 ἀφίκοντο,
1515 626 1563 668 οὗ
1594 624 1728 669 πάντα

253 688 341 744 ἅμα
366 692 504 746 σφίσιν
527 688 604 732 ὅσα
629 689 752 746 ᾔτουν
777 691 985 747 ἐξέφηναν,
1030 693 1230 742 δείσαντες
1251 692 1311 747 μὴ
1335 696 1463 736 ταῦτα
1485 691 1729 750 προμαθόν-

252 775 318 808 τες
341 758 543 815 ἀκεραίοις
563 764 648 808 τοῖς
671 757 882 814 πράγμασι
911 763 1028 816 σφῶν
1051 764 1303 803 καταστῶσιν
1326 763 1382 811 εἰς
1403 759 1593 815 πόλεμον.
1660 763 1727 805 καὶ

251 825 403 879 τὸμὲν
436 830 597 882 πρῶτον
630 832 741 869 σΐτον
773 826 928 882 ᾔτησαν
960 829 1026 869 καὶ
1061 827 1222 881 ἔλαβον,
1259 826 1343 871 εἶτα
1365 828 1439 880 τὰς
1460 827 1638 887 τριήρεις
1659 831 1724 872 καὶ
1738 835 1784 870 10

252 894 317 936 ἐπὶ
341 891 508 943 ταύταις
530 894 582 935 τὰ
604 893 878 948 μηχανήματα
888 926 902 946 ,
939 893 1024 937 εἶτα
1047 896 1097 938 τὰ
1122 895 1226 938 ὅπλα
1241 895 1525 953 ’προσῄτησαν.
1577 897 1727 952 λαβόν-

252 979 317 1011 τες
350 956 421 1003 οὖν
453 959 587 1004 πάντα
620 962 675 1015 (οἱ
706 962 785 1018 γὰρ
810 962 1088 1019 Καρχηδόνιοι
1120 965 1273 1018 πολλὴν
1307 963 1446 1021 ἑτέραν
1467 966 1728 1023 παρασκευὴν

251 1030 527 1085 κεκρυμμένην
560 1028 680 1085 εἶχον)
715 1031 829 1081 τέλος
859 1032 1040 1073 ἐκέλευον
1072 1032 1219 1082 αὐτοὺς
1253 1031 1517 1088 κατασκάψαι
1549 1034 1625 1088 μὲν
1655 1034 1728 1090 τὴν

251 1097 368 1140 πόλιν
405 1098 553 1149 αὐτῶν,
600 1098 738 1154 ἑτέραν
780 1098 822 1140 δ’
867 1099 908 1141 ἓν
947 1101 1140 1157 μεσογείῳ
1183 1102 1449 1156 οἰκοδομῆσαι
1491 1101 1727 1157 ἀτείχιστον,

197 1171 228 1205 C
254 1164 500 1222 ὀγδοήκοντα
533 1168 723 1216 σταδίους
747 1170 819 1221 τῆς
849 1166 1068 1222 θαλάσσης
1099 1168 1324 1222 διέχουσαν.
1394 1168 1498 1226 πρὸς
1527 1174 1646 1214 τοῦτο
1666 1171 1722 1214 ,δ’
1739 1175 1782 1211 15

253 1234 291 1276 οἳ
315 1232 592 1290 Καρχηδόνιοι
617 1235 658 1284 ἒς
683 1234 841 1292 δάκρυα
864 1236 1173 1290 κατηνέχθησαν
1207 1238 1274 1278 καὶ
1298 1235 1353 1287 ὥς
1376 1235 1598 1289 ἕαλωκότες
1619 1240 1726 1282 ἀνω-

253 1300 480 1358 λοφύροντο
503 1304 570 1343 καὶ
594 1303 751 1345 ἐδέοντο
777 1307 855 1345 τῶν
877 1301 1042 1346 ὑπάτων
1064 1305 1123 1359 μὴ
1147 1303 1448 1360 καταναγκάσαι
1477 1310 1588 1363 σφᾶς
1618 1307 1727 1362 γενέ-

253 1374 358 1413 σθαι
392 1374 465 1425 τῆς
499 1371 693 1427 πατρίδος
731 1368 981 1428 αὐτόχειρας.
1050 1370 1181 1425 ὥς,δ’
1222 1373 1339 1416 οὐδὲν
1371 1372 1518 1428 ἤνυον,
1566 1374 1661 1416 ἀλλ’
1700 1373 1728 1430 ἢ

253 1441 406 1494 πρᾶξαι
429 1438 474 1480 τὸ
498 1436 847 1495 προσταττόμενον
869 1438 1094 1482 ἐκελεύοντο
1125 1439 1152 1494 ἢ
1185 1439 1414 1497 ἀναρρῖψαι
1444 1441 1515 1484 τὸν
1536 1440 1727 1497 πόλεμον,

252 1510 392 1560 συχνοὶ
414 1507 487 1560 μὲν
513 1506 637 1548 αὐτοῦ
660 1506 773 1564 παρὰ
796 1513 880 1557 τοῖς
898 1505 1113 1562 Ῥωμαίοις
1135 1506 1189 1557 ὡς
1219 1508 1297 1564 ἤδη
1321 1509 1583 1566 κεκρατηκόσι
1605 1511 1722 1554 κατέ·
1736 1513 1784 1549 2⁰

251 1592 406 1629 μειναν,
443 1574 481 1616 οἳ
514 1575 557 1616 δὲ
590 1577 723 1617 λοιποὶ
755 1574 1149 1632 ἀπαναχωρήσαντες
1179 1580 1261 1619 τῶν
1283 1594 1326 1620 τε
1351 1578 1555 1636 σφετέρων
1578 1577 1728 1635 ἀρχόν-

252 1659 333 1686 των
363 1643 490 1692 ἐνίους
520 1643 753 1685 ἀπέκτειναν
785 1643 846 1686 ὅτι
878 1644 936 1698 μὴ
969 1645 1061 1686 κατ’
1099 1644 1228 1699 ἀρχὰς
1261 1645 1330 1687 τὸν
1362 1644 1538 1700 πόλεμον
1561 1649 1727 1699 εἵλοντο,

253 1712 322 1753 καὶ
345 1710 440 1761 τοὺς
463 1711 574 1760 ἐντὸς
596 1715 669 1754 τοῦ
691 1713 846 1766 τείχους
869 1710 1109 1769 εὑρεθέντας
1125 1711 1350 1767 Ῥωμαίους
1373 1714 1625 1772 διέφθειραν,
1659 1717 1728 1758 καὶ

344 1874 369 1908 4
391 1870 473 1908 ἐκεῖ
489 1873 532 1909 A.
674 1875 720 1909 10
741 1870 808 1915 τὰς
831 1885 886 1909 om
910 1875 955 1908 A.
1074 1874 1116 1910 13
1139 1870 1207 1919 μὲν
1230 1886 1285 1909 orn
1305 1875 1349 1910 A.
1475 1877 1519 1912 15
1542 1873 1583 1911 δ’
1605 1889 1659 1912 om
1682 1879 1726 1912 A.

345 1915 660 2001 ἓίέξζὲἷὲιῗιέαι
689 1921 732 1957 A.
894 1919 940 1955 23
964 1917 1171 1966 Ῥωμαίους
1201 1932 1255 1956 om
1288 1921 1331 1960 C.
1491 1919 1729 1969 διέφθειραν]

252 2121 372 2144 verum
396 2114 537 2145 senatus
562 2115 599 2146 et
621 2123 744 2157 preces
768 2112 961 2157 legatorum
986 2111 1148 2156 admisit,
1184 2114 1221 2146 et
1243 2123 1361 2158 pacem
1383 2112 1438 2147 eis
1461 2116 1518 2148 est
1538 2112 1729 2160 pollicitus,

255 2156 438 2190 obsidibus
462 2157 597 2202 petitis.
646 2169 733 2202 quos
763 2158 805 2194 L.
840 2158 998 2192 Marcius
1030 2163 1066 2192 et
1090 2158 1140 2194 M.
1166 2158 1331 2193 Manilius
1359 2157 1398 2192 in
1420 2158 1729 2205 Siciliaacceptos

251 2201 398 2236 Romam
431 2203 616 2236 miserunt:
661 2204 730 2247 ipsi
761 2203 971 2238 festinanter
1005 2204 1041 2238 in
1070 2203 1224 2238 Africam
1258 2204 1479 2258 appulerunt.
1533 2205 1729 2250 castrisque

250 2247 378 2292 positis
416 2252 453 2282 et
492 2249 753 2293 magistratibus
791 2249 1131 2295 Carthaginiensium
1165 2250 1342 2284 arcessitis
1373 2261 1443 2284 non
1477 2250 1592 2284 omnia
1629 2252 1730 2286 simul

252 2305 345 2337 quae
369 2294 596 2337 postulabant
619 2300 874 2340 exposuerunt,
906 2295 1016 2331 veriti
1039 2307 1081 2329 ne
1102 2295 1147 2328 iis
1173 2295 1429 2340 praecognitis,
1450 2297 1556 2331 rebus
1580 2296 1730 2342 integris

252 2339 377 2373 bellum
411 2344 649 2385 capesserent.
699 2352 739 2374 ac
771 2342 917 2386 primum
952 2341 1158 2376 frumentum
1193 2342 1395 2385 petentibus
1426 2342 1564 2384 datum,
1603 2342 1730 2378 deinde

253 2385 429 2428 triremes,
454 2390 578 2430 postea
594 2386 784 2421 machinae.
832 2388 982 2432 denique
1005 2387 1108 2420 armis
1134 2385 1238 2420 etiam
1261 2387 1417 2432 wceptis
1438 2387 1730 2432 (carthaginien-

253 2442 311 2465 ses
335 2431 426 2464 enim
450 2431 535 2465 clam
558 2431 662 2466 alium
685 2444 846 2476 magnum
868 2436 1073 2479 apparatum
1095 2432 1309 2478 habebant),
1345 2444 1406 2467 eos
1435 2434 1559 2468 urbem
1589 2434 1729 2468 diruere

256 2481 291 2510 et
316 2476 416 2510 aliam
440 2476 477 2510 in
500 2476 754 2512 'mediterraneo
778 2479 854 2512 sine
877 2478 981 2512 muris
1003 2481 1207 2523 exstruere,
1240 2478 1422 2523 octoginta
1451 2479 1574 2514 stadiis
1596 2491 1618 2513 a
1639 2479 1729 2514 mari

254 2522 423 2564 dissitam,
448 2522 639 2558 iusserunt.
688 2525 730 2557 ad
755 2524 841 2558 illud
864 2523 1170 2570 Carthaginienses
1192 2523 1229 2556 in
1254 2524 1414 2559 lacrimas
1437 2524 1541 2559 soluti
1563 2527 1730 2570 tanquam

254 2568 342 2601 urbe
366 2571 471 2612 capta
495 2567 673 2603 lamentati
700 2575 792 2612 sunt,
815 2569 1021 2615 precatique
1044 2568 1202 2603 consules
1224 2581 1270 2603 ne
1293 2570 1430 2615 patriae
1453 2570 1582 2604 afferre
1607 2580 1728 2604 manus

253 2620 478 2657 cogerentur.
526 2615 588 2648 sed
613 2626 688 2649 cum
713 2616 798 2649 nihil
822 2617 1044 2660 proficerent,
1069 2619 1104 2649 et
1126 2617 1187 2648 aut
1209 2616 1382 2660 imperata
1404 2616 1550 2660 exsequi
1572 2621 1633 2650 aut
1654 2615 1728 2650 bel·

252 2658 320 2692 lum
345 2659 497 2702 experiri
522 2659 750 2704 iuberentur,
784 2661 879 2695 multi
909 2662 1002 2706 apud
1026 2661 1199 2694 Romanos
1224 2667 1264 2695 ut
1285 2661 1354 2695 iam
1381 2661 1530 2696 victores
1552 2672 1728 2696 remanse-

253 2708 360 2746 runt,
396 2704 526 2738 caeteri
562 2706 598 2740 in
634 2707 754 2741 urbem
788 2707 940 2752 regressi
975 2705 1139 2751 quosdam
1174 2717 1217 2740 ex
1240 2707 1501 2752 magistratibus
1525 2707 1729 2742 occiderunt

254 2748 350 2794 quod
374 2760 443 2784 non
466 2751 640 2798 principio
664 2752 788 2787 bellum
815 2751 964 2798 amplexi
989 2754 1129 2796 essent,
1164 2757 1200 2787 et
1222 2752 1388 2789 Romanis
1411 2763 1498 2799 quos
1519 2753 1614 2789 intra
1635 2763 1729 2789 moe-
