1820 3120
303 96 405 143 314
767 99 997 142 10ANN1s
1014 98 1295 145 *ZONARAE
1622 115 1624 118 ·
1682 144 1687 146 a
1813 73 1820 145 A

293 211 444 252 πλοίων
476 209 523 251 δέ
553 226 595 265 γε
631 209 704 265 τὴν
739 209 970 256 θάλασσαν.
1039 214 1106 255 καὶ
1141 213 1270 270 ὤνητο
1301 215 1375 269 μὲν
1389 213 1456 258 «ἂν
1485 216 1667 260 ἐνταῦθα
1696 221 1770 261 τοῦ

291 279 383 331 βίου
407 277 688 332 παυσάμενος·
733 278 754 321 ὃ
789 281 833 323 δὲ
865 275 1043 323 ἐπέκεινα
1070 280 1220 337 χρόνος
1251 282 1364 340 αὐτῷ
1393 283 1467 333 τὰς
1488 285 1562 338 μὲν
1584 285 1770 340 εὐτυχίας
1819 313 1820 337 3

291 345 453 402 ἤνεγκεν
483 345 735 403 ἐπιφθόνους
742 380 754 400 ,
789 347 991 403 ἀνήκεστα
1017 349 1063 392 δέ
1082 366 1125 405 γε
1148 350 1200 392 τὰ
1223 349 1536 406 δυστυχήματα.
1595 370 1768 410 προστε-

290 416 382 464 θεὶς
403 415 481 471 γὰρ
507 417 711 473 Καίσαρι,
747 419 813 459 καὶ
849 418 919 459 διὰ
951 421 1023 471 τῆς
1055 420 1202 469 οἰκείας
1235 418 1355 474 δόξης
1385 437 1428 463 τε
1459 422 1525 462 καὶ
1557 420 1768 476 δυνάμεως

291 481 438 541 ἐξάρας
462 483 599 535 αὐτόν,
634 483 707 526 ὕπ’
734 487 881 527 ἐκείνου
908 485 1182 542 ἀνατίτραπτό
1205 504 1246 530 τε
1271 490 1338 530 καὶ
1364 489 1655 544 καταβέβλητῡι
1777 501 1800 534 5

419 550 506 594 Ἵνα
531 554 574 594 δὲ
596 553 654 607 μὴ
679 555 741 603 δὶς
764 553 815 595 τὰ
838 553 943 596 αὐτὰ
968 554 1175 610 ἷστορῆται
1188 588 1202 607 ,
1238 557 1279 598 ἓν
1313 563 1398 607 τοῖς
1430 558 1520 614 περὶ
1558 557 1767 615 Καίσαρος

288 619 338 661 τὰ
364 621 486 662 λοιποὶ
510 626 584 664 τοῦ
605 624 829 676 Πομπηΐου
855 621 1076 678 εἰρήσεται,
1106 628 1157 680 τῇ
1173 627 1263 682 περὶ
1281 626 1429 668 ἐκείνου
1447 626 1767 680 συνεμπίπτοντα

289 686 460 748 ἱστορίᾳ.
1046 720 1053 726 -
1621 698 1626 702 ”

84 759 265 798 W11125
363 760 369 763 ’
425 758 467 799 6.
535 756 724 811 Εὖτυχὴς
761 758 805 799 δὲ
843 756 864 799 ὁ
900 759 1064 816 Καῖσαρ
1097 760 1138 802 ἓν
1168 761 1428 816 στρατηγίαις
1455 759 1666 816 γενόμενος
1696 763 1766 804 καὶ

286 825 463 874 πολλοὺς
487 825 774 880 κατωρθωκὼς
796 821 1016 880 πολὲμους,
1057 826 1376 883 μνηστευόμενος
1399 829 1444 871 δ’
1471 827 1698 888 ἕαυτῷτὴν
1720 831 1762 873 ἐκ
1777 836 1820 875 10

233 901 264 935 C
288 896 362 935 τοῦ
396 892 528 948 δήμου
563 891 704 950 ῥοπήν,
742 894 864 937 αὐτὸν
899 894 1140 949 ἕθεράπευε’
1177 899 1254 938 καῖ
1275 898 1499 954 μοναρχίας
1530 899 1646 955 ἐρῶν,
1681 899 1764 941 ἐπεὶ

285 958 395 1018 ἑώρα
429 961 541 1012 τινὰς
577 963 903 1016 ἐναντιουμένους
940 964 1072 1022 αὐτῷ,
1123 967 1190 1006 καὶ
1225 964 1404 1019 μάλιστα
1439 967 1509 1009 τὸν
1543 965 1763 1022 Πομπήϊον

283 1029 387 1084 μέγα
422 1029 514 1072 τότε
548 1029 781 1084 δυνάμενον,
817 1037 867 1088 τῇ
895 1030 1031 1089 Ῥώμῃ
1065 1035 1106 1084 ἐξ
1133 1034 1311 1088 Ἰβηρίας
1342 1028 1664 1090 ἕπιδεδήμηκεν.»
1711 1034 1763 1090 ἣν

283 1099 361 1154 πρὸ
386 1097 530 1141 τούτου
555 1097 704 1152 λαχών,
740 1098 795 1149 ὥς
828 1099 979 1155 ταύτης
1013 1103 1158 1156 ἐπέβη,
1193 1103 1255 1143 ἐπὶ
1279 1103 1547 1153 Λυσιτανοὺς
1576 1105 1643 1145 καὶ
1668 1105 1761 1147 Ka·-

282 1167 446 1217 λαίκους
469 1165 727 1222 ἐστράτευσε·
763 1171 829 1210 καὶ
856 1168 1062 1225 κρατήσας
1084 1169 1237 1212 τούτων
1262 1170 1356 1227 ἄχρι
1379 1176 1451 1226 τῆς
1473 1172 1552 1222 ἔξω
1574 1176 1758 1229 προῆλθε
1770 1181 1817 1216 15

281 1233 520 1290 θαλάσσης,
566 1236 617 1277 τὰ
640 1237 698 1291 μὴ
722 1239 816 1294 πρὶν
838 1235 1050 1280 ὑπείκοντα
1068 1237 1280 1292 Ῥωμαίοις
1303 1239 1403 1294 ἔθνη
1427 1239 1760 1297 καταστρεφόμε-

280 1319 360 1353 νος.
430 1306 496 1346 καὶ
530 1303 740 1360 ἀπηλλάγη
775 1310 847 1359 τῆς
878 1308 1073 1361 ἐπαρχίας
1106 1309 1328 1361 εὐδοκιμῶν
1359 1307 1482 1358 αὐτός
1503 1326 1545 1351 τε
1568 1307 1761 1360 πλούσιος

279 1372 452 1426 γεγονὼς
474 1375 541 1414 καὶ
565 1373 660 1422 τοὺς
683 1372 934 1430 στρατιώτας
957 1374 1190 1431 ὠφεληκώς.
1256 1377 1391 1419 θέλων
1415 1377 1456 1419 δ’
1493 1378 1561 1419 ἐπὶ
1588 1381 1640 1434 τῇ
1670 1378 1758 1434 νίκῃ

227 1444 260 1478 D
284 1443 586 1495 θριαμβεῦσαι,
623 1442 725 1497 πρὸς
757 1441 884 1492 αὐτάς
914 1460 956 1485 τε
992 1443 1064 1493 τὰς
1094 1442 1294 1494 ὑπατικὰς
1326 1445 1544 1501 ἀφιγμένος
1566 1445 1758 1503 ἀρχαιρε-

279 1510 390 1560 σίας,
426 1512 491 1551 καὶ
517 1508 724 1563 μνώμενος
748 1509 880 1567 ἑαυτῷ
902 1510 1109 1563 ὑπατείαν,
1146 1514 1186 1554 ἐν
1210 1513 1417 1573 ἀντινομίᾳ
1441 1513 1603 1569 ἐγένετο.
1659 1515 1820 1565 τοὺς2οκ

275 1578 349 1630 μὲν
384 1578 462 1634 γὰρ
499 1578 765 1634 θριαμβεύειν
800 1580 1021 1632 μέλλοντας
1056 1581 1133 1631 ἔξω
1177 1579 1382 1635 νενόμιστο
1424 1583 1646 1638 διατρίβειν
1684 1587 1756 1638 τῆς

277 1643 451 1698 πόλεως,
494 1646 590 1696 τούς
623 1648 666 1689 de*
696 1649 870 1701 μετιέναι
904 1649 1101 1699 θέλοντας
1130 1647 1323 1692 ὑπατείαν
1356 1650 1414 1693 δι’
1449 1648 1754 1694 {auran—voitu

370 1763 391 1800 7
415 1760 606 1808 εὑρήσεται
630 1765 672 1801 C.
838 1765 1095 1810 συμπίπτοντα
1127 1766 1203 1803 Ac.
1364 1760 1387 1803 9
1410 1764 1605 1812 γενόμενος
1627 1779 1680 1802 om
1707 1769 1751 1805 C.

369 1811 412 1844 13
435 1809 529 1855 μέγα
552 1809 634 1846 τότε
656 1812 730 1857 AB,
754 1808 837 1847 τότε
860 1810 954 1857 μέγα
979 1814 1068 1848 PW.
1210 1813 1253 1846 14
1275 1811 1509 1855 Καλλαϊκοὺς
1532 1815 1752 1849 Plutarchus.

412 1880 583 1913 Fowms.
637 1881 725 1924 Cap.
751 1881 787 1916 6.
838 1881 1028 1914 Plutarchi
1054 1881 1196 1925 Caesar,
1223 1894 1252 1916 c.
1283 1882 1447 1919 12—23,
1494 1893 1618 1928 pauca
1644 1893 1751 1928 prae-

364 1925 473 1959 missa
497 1932 582 1960 sunt
607 1937 701 1970 quae
726 1932 760 1961 et
784 1928 884 1972 apud
903 1927 1054 1970 Dionem
1077 1933 1112 1962 et
1128 1929 1230 1972 apud
1247 1928 1487 1963 Plutarchum
1504 1928 1745 1981 reperiuntur.

272 2026 457 2070 frumento,
482 2027 630 2061 navibus
653 2039 746 2062 mare
770 2028 938 2074 implevit.
987 2041 1006 2063 e
1033 2041 1072 2062 re
1097 2041 1202 2076 porro
1229 2029 1302 2063 eius
1327 2029 1466 2073 fuisset,
1495 2030 1523 2064 si
1548 2034 1620 2064 tum
1644 2030 1751 2066 vitam

272 2083 347 2106 cum
370 2077 482 2106 morte
506 2079 770 2108 commutasset:
805 2075 999 2109 insecutum
1023 2075 1114 2109 enim
1138 2081 1274 2120 tempus
1297 2076 1331 2109 ei
1354 2086 1538 2110 successus
1559 2075 1751 2110 invidiosos
1818 2083 1820 2099 ⁴

272 2122 310 2151 et
333 2129 435 2151 casus
460 2118 629 2153 exitiosos
654 2121 784 2155 attulit.
832 2133 909 2155 nam
933 2132 1008 2155 cum
1033 2132 1071 2155 se
1095 2132 1171 2156 cum
1195 2122 1350 2155 Caesare
1373 2121 1629 2165 coniunxisset,
1654 2133 1750 2155 eum-

271 2174 338 2208 que
362 2175 424 2198 sua
449 2166 661 2200 auctoritate
686 2171 721 2201 et
745 2167 904 2212 potentia
927 2167 1133 2211 extulisset,
1167 2168 1212 2201 ab
1247 2168 1308 2201 illo
1338 2178 1482 2202 eversus
1506 2171 1550 2202 et.
1566 2168 1748 2202 conculca-

270 2216 328 2243 tus
351 2214 419 2244 est.
835 2222 839 2225 ⁵

409 2256 466 2289 Ne
490 2259 602 2289 autem
628 2257 682 2290 bis
706 2257 826 2292 eadem
852 2262 1179 2302 commemorentur,
1214 2270 1303 2304 quae
1332 2258 1375 2292 de
1399 2258 1564 2304 Pompeio
1596 2263 1747 2304 restant,

269 2302 306 2335 in
332 2301 496 2335 Caesaris
522 2303 667 2336 historia
691 2304 745 2346 (in
770 2315 846 2338 eam
872 2305 961 2338 enim
984 2305 1155 2347 incidunt)
1180 2306 1390 2338 referentur.

404 2348 439 2383 6.
489 2349 574 2382 Fuit
597 2355 634 2382 et
658 2349 792 2383 Caesar
818 2350 853 2383 iu
875 2362 914 2383 re
939 2351 1080 2385 militari
1097 2352 1318 2393 fortunatus,
1351 2351 1527 2394 multaque
1550 2351 1642 2384 bella
1664 2362 1747 2395 pro-

267 2404 372 2437 spere
396 2394 556 2429 confecit.
595 2406 670 2428 cum
687 2400 800 2429 autem
817 2396 909 2430 cultu
927 2402 964 2430 et
987 2396 1213 2430 observantia
1237 2396 1355 2442 populi
1378 2407 1520 2440 regnum
1545 2397 1746 2439 affectaret,

264 2438 300 2471 in
332 2451 444 2484 eoque
479 2451 554 2483 cum
588 2440 732 2475 aliorum
753 2442 1016 2476 adversationes
1040 2449 1110 2476 tum
1135 2453 1275 2487 magnas
1301 2442 1456 2487 Pompeii
1480 2454 1565 2487 opes
1589 2442 1656 2476 sibi
1683 2444 1745 2476 ob-

266 2488 361 2518 stare
384 2490 555 2528 cerneret,
580 2486 725 2521 Romam
748 2498 792 2521 ex
814 2487 988 2532 Hispania
1011 2488 1128 2523 rediit.
1175 2488 1212 2521 in
1237 2499 1338 2533 quam
1362 2488 1578 2533 provinciam
1603 2491 1686 2522 ante
1709 2488 1744 2523 id

265 2534 402 2576 tempus
427 2532 497 2566 sibi
521 2533 697 2566 decretam
723 2545 798 2567 cum
821 2534 965 2579 primum
991 2535 1156 2576 venisset,
1181 2534 1358 2568 Lusitanis
1383 2538 1419 2568 et
1435 2533 1611 2568 Gallaecis
1634 2535 1743 2568 domi·

266 2575 314 2609 tis
339 2588 451 2622 usque
475 2578 518 2611 ad
543 2578 697 2612 exterius
722 2590 814 2613 mare
837 2580 1030 2625 processit,
1066 2590 1195 2624 easque
1226 2586 1349 2625 gentes
1377 2580 1520 2624 subegit
1543 2590 1632 2624 quae
1655 2583 1739 2614 ante

266 2622 432 2657 Romanis
458 2635 526 2657 non
550 2630 753 2668 paruerunt.
803 2637 846 2658 ex
870 2626 1052 2670 provincia
1076 2625 1237 2660 discessit
1260 2626 1370 2671 gloria
1395 2630 1431 2659 et
1456 2626 1580 2671 opibus
1603 2629 1738 2669 auctus,

266 2667 368 2702 etiam
393 2670 560 2704 militibus
584 2670 717 2704 ditatis.
766 2671 1041 2717 triumphaturus
1066 2683 1140 2705 cum
1165 2671 1208 2705 ad
1233 2672 1430 2706 consularia
1457 2671 1596 2706 comitia
1620 2671 1737 2706 venis-

265 2717 320 2747 set
343 2720 379 2748 et
403 2717 617 2750 consulatum
640 2717 807 2759 ambiret,
836 2717 871 2750 in
896 2718 990 2762 leges
1013 2717 1208 2751 contrarias
1232 2718 1370 2754 incidit.
1415 2717 1522 2751 moris
1545 2716 1636 2751 enim
1661 2723 1737 2751 erat

264 2763 304 2793 ut
326 2761 571 2806 triumphaturi
595 2768 697 2797 extra
720 2764 838 2798 urbem
861 2768 1057 2808 manerent,
1095 2764 1155 2809 qui
1187 2774 1271 2798 vero
1308 2764 1525 2798 consulatum
1548 2762 1734 2807 ambirent,
