1820 3120
304 102 398 153 202
762 99 987 156 lembus
1023 110 1280 156 zoNARAE

427 224 618 279 Μαγῶνα
652 225 697 266 δὲ
726 212 796 268 τὸν
826 226 1001 283 ἀδελφὸν
1025 224 1500 280 ὅἈννίβαςᾶγγελοῦντα
1523 231 1607 277 τοῖς
1627 227 1745 282 ’Καρ-ι

284 291 487 345 χηδονίοις
521 290 674 347 ἔπεμψε
708 293 757 336 τὰ
794 293 1004 349 γενόμενα,
1053 295 1119 335 καὶ
1149 290 1341 349 χρήματα
1382 293 1482 351 παρ’
1514 289 1647 341 ἀὖτ’ῶν
1679 296 1746 336 καὶ

292 357 480 412 δυνάμεις
513 358 742 414 αἰτήσοντα.
817 363 883 404 καὶ
916 361 934 404 ὁ
969 363 1042 416 μὲν
1081 361 1271 403 ἀπελθὼν
1311 358 1406 411 τούς
1437 376 1478 404 τε
1510 354 1747 412 ’δακτυλίους

289 427 490 482 ἠρίθμησε
525 430 590 470 καὶ
613 430 674 470 ἐπὶ
696 431 829 483 μεῖζον
852 431 964 485 ἐξῆρε
996 429 1046 481 δὴ
1070 428 1115 471 τὸ
1140 426 1414 485 κατόρθωμα,
1443 429 1508 471 καὶ
1530 430 1745 488 ὲψῆφίσθη

289 492 418 537 πάντα
449 493 525 538 ὅσα
558 495 733 552 ᾐτήσατο
758 499 832 554 (τῷ
861 498 936 554 γὰρ
953 497 1114 539 ’Άννωνι
1148 496 1334 539 τάναντία
1357 497 1506 552 λέγοντι
1529 499 1776 540 mmmm-5

289 560 495 605 λύσασθαι
531 564 600 606 τὸν
634 563 805 618 πόλεμον
838 565 911 615 ἕως
933 565 1223 620 καθυπέρτεροι
1249 567 1412 608 δοκοῦσι
1435 558 1745 624 ωμβωΜΜι

289 631 360 672 οὐκ
382 632 658 686 ἐπείσθησαν),
695 633 741 674 οὗ
764 633 899 686 μέντοι
922 633 974 675 τὰ
996 633 1261 689 ψηφισθέντα
1283 635 1350 674 καὶ
1374 635 1430 683 εἷς
1451 632 1566 691 ἔργον
1579 631 1743 689 ἤγαγον,

288 698 383 740 ἀλλ’
409 699 670 753 ἠμέλλησαν.“
690 699 872 752 Ἀννίβας
896 699 938 742 δ’
966 702 1006 742 ἓν
1027 698 1156 757 τούτῳ
1181 702 1235 751 εἷς
1256 700 1328 755 τὴν
1354 702 1604 755 Καμπανίαν
1619 700 1746 758 προῦ-

281 764 442 822 χώρησε
455 799 468 819 ,
514 769 580 809 καὶ
604 765 781 821 πόλισμά
804 785 841 810 τι
864 765 941 810 εἷλε
975 767 1233 819 Σαυνιτικόν,
1272 770 1338 810 καὶ
1368 770 1428 810 ἐπὶ
1452 765 1745 825 Νέανῶρμησε

287 833 427 886 πόλιν,
463 835 708 890 προπέμψας
736 835 838 889 μετὰ
872 840 942 890 τῆς
973 838 1078 886 λείας
1111 837 1267 892 ὀλίγους
1288 834 1409 887 τινάς.
1477 837 1577 893 πρὸς
1598 836 1668 887 οὓς
1691 835 1800 887 ὥςΙῡ

236 910 266 943 C
289 900 437 955 μόνους
459 901 576 951 ὄντας
589 908 668 944 τῶν
689 907 760 956 τῆς
783 901 933 953 πόλεως
954 903 1231 960 ἐκδραμόντων
1254 903 1430 962 ἐπεφάνη
1453 905 1574 957 αὐτὸς
1590 905 1744 960 ἀπροσ-

288 968 454 1024 δόκητος
477 973 542 1011 καὶ
567 971 737 1023 συχνοὺς
761 971 971 1023 ἀπέκτεινε,
1001 971 1074 1026 τὴν
1096 972 1139 1013 δὲ
1164 970 1278 1013 πόλιν
1301 969 1509 1026 οῧχιεῖλεν.
1554 987 1556 989 ’
1576 972 1660 1015 οὔτ’
1681 973 1744 1014 ἐπὶ
1792 1026 1797 1032 ι

288 1038 389 1079 πολὺ
421 1036 546 1094 ταύτῃ
570 1037 879 1095 προσήδρευσεν.
949 1040 986 1081 οἱ
1009 1039 1086 1095 γὰρ
1111 1039 1184 1094 τὴν
1207 1038 1378 1094 Καπύην
1402 1042 1599 1090 οἰκοῦντες
1612 1039 1743 1094 (Καμ-

288 1107 404 1147 πανοὶ
428 1106 464 1147 οἱ
487 1107 558 1159 μὲν
581 1111 630 1162 τῇ
646 1104 860 1160 ιΡωμαίων
879 1109 992 1166 φιλίᾳ
1016 1103 1226 1162 ἐνέμειναν,
1246 1108 1283 1149 οἷ
1301 1109 1344 1150 δὲ
1366 1108 1474 1164 πρὸς
1488 1107 1744 1162 τόνἍννίβαν

288 1173 511 1215 ἀπέκλιναν.
580 1175 662 1216 ἐπεὶ
694 1175 736 1216 δ’
771 1176 812 1216 ἐν
835 1182 921 1226 ταΐς
944 1174 1123 1226 Κάνναις
1146 1174 1332 1230 εὐτύχησε
1343 1208 1357 1228 ,
1390 1177 1459 1219 καί
1477 1192 1578 1226 τινες
1599 1175 1742 1234 ἄνδρες
1756 1184 1796 1219 15

289 1241 420 1284 αὐτῶν
456 1240 616 1292 ἁλόντες
647 1242 883 1299 ἀφέθησαν,
930 1243 974 1285 τὸ
1012 1244 1085 1297 μὲν.
1119 1248 1279 1298 πλῆθος
1309 1242 1470 1300 ὥρμησε
1488 1236 1746 1300 »μεταστῆναι

288 1309 389 1366 πρὸς
423 1310 492 1352 τὸν
520 1310 723 1364 Ἀννίβαν,
760 1311 797 1352 οἳ
829 1312 871 1352 δὲ
894 1313 1055 1353 δυνατοὶ
1075 1310 1222 1367 χρόνον
1242 1313 1315 1365 μέν
1337 1329 1425 1354 τινα
1449 1313 1613 1367 ἐπέσχον
1620 1344 1633 1364 ,
1669 1311 1740 1355 εἶτ’

287 1377 355 1419 ἐπ’
393 1377 539 1427 αὐτοὺς
570 1377 614 1419 τὸ
647 1382 805 1432 πλῆθος
838 1376 1022 1435 ὁρμῆσαν
1044 1379 1310 1434 συνηγμένους
1333 1382 1373 1421 ἐν
1395 1384 1453 1437 τῷ
1471 1381 1743 1438 βουλευτηρίῳ

230 1453 261 1487 D
286 1443 438 1495 πάντας
468 1444 517 1487 ἂν
552 1445 848 1502 κατεχρήσατο,
885 1449 919 1488 εἴ
947 1445 1005 1501 μή
1039 1464 1099 1497 τις
1131 1448 1173 1488 ἐκ
1204 1452 1275 1489 τοῦ
1299 1446 1484 1502 πλήθους
1504 1447 1549 1490 τὸ
1572 1449 1744 1504 μέγεθος

285 1514 455 1556 συνιδὼν
487 1518 559 1556 τοῦ
591 1519 716 1556 κακοῦ
746 1514 992 1570 κατηγόρησε
1022 1517 1095 1569 μὲν
1127 1519 1205 1557 τῶν
1235 1519 1463 1568 βουλευτῶν
1501 1515 1556 1565 ὥς
1584 1515 1797 1567 πάντωςΞθ

287 1585 499 1638 φθαρῆναι
519 1582 652 1634 ἀξίων,
675 1582 752 1639 ἔφη
778 1584 820 1624 δὲ
837 1581 1028 1639 πρότερον
1047 1582 1192 1633 ἄλλους
1210 1583 1300 1625 ἀντ’
1322 1585 1476 1626 ἐκείνων
1493 1583 1742 1627 ἀνθελέσθαι

285 1647 520 1706 προσήκειν·
563 1650 634 1704 τὴν
656 1644 732 1706 γὰρ
757 1649 869 1692 πόλιν
890 1651 948 1706 μὴ
974 1649 1197 1702 δύνασθαι,
1232 1651 1290 1705 μὴ
1312 1651 1660 1707 προβουλευόντων
1682 1669 1741 1694 τι-

285 1722 376 1769 νῶν,
411 1716 623 1770 σώζεσθαι.
691 1720 935 1762 πεισθέντων
961 1720 1003 1761 δὲ
1027 1724 1105 1762 τῶν
1129 1720 1169 1761 ἓν
1194 1724 1244 1776 τῇ
1267 1718 1416 1776 Καπύῃ
1447 1719 1650 1773 ἐκβάλλων
1672 1721 1740 1763 ἵνα

375 1858 398 1891 2
420 1855 594 1900 γενόμενα
615 1857 687 1903 ΑΒ,
709 1856 880 1902 γινόμενα
902 1858 991 1897 PW.
1105 1858 1129 1894 8
1150 1853 1357 1902 ἤμέλλησαν
1379 1860 1421 1902 C,
1445 1854 1628 1903 ἠμέλησαν
1650 1859 1738 1903 Pw,

374 1897 551 1947 ἐμέλησαν
573 1904 646 1940 ΑΒ.
786 1905 827 1938 ll
852 1901 971 1948 ἐφάνη
995 1903 1037 1938 Α.
1177 1904 1220 1940 19
1247 1903 1512 1950 κατεχρήσαντο
1535 1906 1578 1942 A.
1711 1942 1713 1945 ,

420 2026 596 2060 Hannibal
628 2028 735 2062 fratre
758 2028 907 2073 Magone
929 2028 1171 2073 Carthaginem
1203 2039 1259 2063 res
1282 2033 1398 2073 gestas
1421 2027 1613 2062 nuntiatum
1635 2028 1739 2061 misso

285 2075 322 2106 et
337 2070 380 2105 ad
395 2074 574 2116 pecuniam
590 2073 779 2119 militesque
801 2074 980 2119 petendos,
1005 2086 1079 2108 cum
1102 2076 1132 2109 is
1157 2079 1400 2118 exaggerasset
1417 2073 1538 2116 omnia,
1561 2077 1598 2107 et
1617 2074 1737 2107 anulos

284 2124 553 2160 annumerasset,
577 2119 808 2154 decreverunt
830 2120 941 2154 omnia
966 2131 1052 2165 quae
1076 2121 1237 2166 petierat.
1284 2120 1446 2153 Hannoni
1468 2119 1555 2152 enim
1581 2119 1662 2152 belli
1679 2119 1739 2152 de-

281 2164 433 2208 ponendi
464 2169 500 2197 et
531 2164 607 2197 dum
639 2166 838 2210 superiores
861 2171 976 2200 essent
1002 2166 1180 2200 faciendae
1202 2166 1297 2212 pacis
1320 2165 1449 2200 auctori
1473 2175 1541 2198 non
1564 2165 1737 2199 ausculta-

281 2213 374 2242 runt.
422 2220 487 2242 non
511 2214 626 2243 tamen
651 2211 792 2245 decreta
817 2211 972 2251 exsecuti
995 2218 1075 2245 sunt
1098 2213 1156 2245 sed
1175 2212 1408 2256 neglexerunt.
1455 2210 1590 2244 interim
1607 2211 1739 2244 Hanni-

279 2254 336 2287 bal
360 2254 393 2287 in
411 2255 630 2299 Campaniam
654 2258 835 2301 processit,
862 2262 898 2291 et
921 2257 1044 2302 oppido
1069 2259 1214 2302 quodam
1229 2255 1417 2290 Samnitico
1443 2260 1543 2300 capto
1559 2255 1737 2301 Neapolim

281 2300 469 2342 contendit,
494 2301 613 2345 paucis
638 2314 711 2336 cum
736 2304 865 2347 praeda
892 2303 1097 2347 praemissis.
1146 2308 1262 2337 contra
1287 2313 1372 2348 quos
1396 2302 1557 2347 oppidani
1583 2307 1623 2336 ut
1646 2303 1737 2335 solos

281 2344 484 2379 excursione
516 2348 625 2388 facta,
660 2347 847 2393 improviso
880 2348 970 2382 illius
1002 2349 1151 2382 adventu
1183 2348 1274 2382 caesi
1306 2352 1387 2381 sunt
1408 2358 1529 2391 magna
1553 2359 1596 2381 ex
1619 2353 1737 2393 pariet

280 2391 400 2424 urbem
424 2396 537 2425 tamen
562 2404 628 2425 non
653 2394 759 2438 cepit.
805 2406 917 2439 neque
944 2394 1114 2428 obsidioni
1138 2395 1228 2428 illius
1251 2393 1309 2427 diu
1336 2393 1532 2426 immoratus
1556 2398 1621 2428 est.
1661 2404 1738 2426 nam

281 2437 376 2470 urbis
401 2437 543 2482 Capuae
574 2438 709 2472 incolae
739 2440 906 2484 Campani
940 2451 1014 2475 cum
1044 2439 1167 2485 partim
1190 2439 1415 2472 Romanorum
1445 2437 1738 2472 amicitiam-cole·-

278 2488 376 2525 rent,
410 2483 535 2528 partim
558 2484 746 2518 Hannibali
770 2486 968 2529 studerent,
1002 2491 1177 2531 postquam
1208 2485 1238 2518 is
1262 2485 1296 2518 in
1321 2484 1449 2518 Cannis
1472 2484 1585 2518 vietor
1607 2483 1738 2528 aliquot

279 2539 396 2561 eorum
419 2529 514 2563 cives
538 2535 660 2573 captos
684 2531 870 2575 dimiserat,
895 2531 1073 2565 multitudo
1097 2531 1139 2564 ad
1155 2542 1229 2564 eum
1247 2530 1394 2563 deficere
1410 2529 1532 2572 voluit,
1555 2529 1738 2574 optimates

278 2579 390 2607 autem
415 2574 622 2619 aliquamdiu
646 2575 870 2611 distulerunt:
904 2577 1026 2611 deinde
1049 2587 1122 2610 cum
1145 2576 1181 2609 in
1204 2576 1299 2610 curia
1322 2575 1576 2616 convenissent,
1606 2575 1738 2619 impetu

278 2618 398 2663 populi
422 2632 537 2654 omnes
562 2621 668 2655 occisi
693 2627 820 2666 essent,
845 2623 910 2656 nisi
934 2623 1071 2668 quidam
1087 2633 1130 2655 ex
1148 2622 1258 2667 plebe,
1283 2622 1500 2655 considerata
1513 2619 1590 2654 mali
1606 2619 1739 2664 magni—

276 2665 415 2708 tudine,
448 2671 625 2700 senatores
649 2672 687 2701 ut
711 2668 814 2702 exitio
839 2668 962 2714 dignos
986 2672 1202 2711 accusasset,
1236 2668 1296 2701 sed
1318 2667 1415 2713 prius
1439 2666 1522 2700 alios
1545 2665 1595 2699 eis
1618 2675 1737 2718 surro:

275 2710 406 2755 gandos
430 2723 507 2745 esse
531 2713 688 2757 dixisset,
711 2713 801 2759 quod
824 2716 908 2748 urbs
930 2714 1004 2748 sine
1031 2712 1169 2747 consilio
1194 2714 1290 2747 salva
1313 2723 1390 2746 esse
1413 2723 1480 2746 non
1504 2714 1633 2757 posset.
1680 2721 1736 2744 cui

278 2767 351 2790 cum
383 2756 550 2803 Campani
583 2759 899 2804 obtemperassent,
935 2759 1080 2803 singulis
1113 2768 1132 2792 e
1155 2758 1250 2793 curia
1279 2757 1455 2793 eiiciendis
1488 2755 1736 2792 multitudinem
