<?xml version="1.0" encoding="UTF-8"?>
<!DOCTYPE html PUBLIC "-//W3C//DTD XHTML 1.0 Transitional//EN"
    "http://www.w3.org/TR/xhtml1/DTD/xhtml1-transitional.dtd">
<html xmlns="http://www.w3.org/1999/xhtml" xml:lang="en" lang="en">
 <head>
  <title>
</title>
<meta http-equiv="Content-Type" content="text/html;charset=utf-8" />
  <meta name='ocr-system' content='tesseract 3.04.00' />
  <meta name='ocr-capabilities' content='ocr_page ocr_carea ocr_par ocr_line ocrx_word'/>
</head>
<body>
  <div class='ocr_page' id='page_1' title='image "./corpusscriptorum30niebuoft_0244.png"; bbox 0 0 1820 3120; ppageno 0'>
   <div class='ocr_carea' id='block_1_1' title="bbox 308 102 1295 152">
    <p class='ocr_par' dir='ltr' id='par_1_1' title="bbox 308 102 1295 152">
     <span class='ocr_line' id='line_1_1' title="bbox 308 102 1295 152; baseline 0.005 -5"><span class='ocrx_word' id='word_1_1' title='bbox 308 102 406 148; x_wconf 82' lang='lat'>234</span> <span class='ocrx_word' id='word_1_2' title='bbox 783 105 1009 149; x_wconf 85' lang='lat' dir='ltr'>IOANNIS</span> <span class='ocrx_word' id='word_1_3' title='bbox 1039 107 1295 152; x_wconf 79' lang='lat' dir='ltr'><strong>ZONARAE</strong></span> 
     </span>
    </p>
   </div>
   <div class='ocr_carea' id='block_1_2' title="bbox 246 212 1820 1712">
    <p class='ocr_par' dir='ltr' id='par_1_2' title="bbox 301 212 1766 486">
     <span class='ocr_line' id='line_1_2' title="bbox 307 212 1766 282; baseline 0.008 -26"><span class='ocrx_word' id='word_1_4' title='bbox 307 217 380 270; x_wconf 80' lang='grc' dir='ltr'><strong><em>τὴν</em></strong></span> <span class='ocrx_word' id='word_1_5' title='bbox 413 212 630 272; x_wconf 76' lang='grc' dir='ltr'><strong><em>ἀκρόπολιν</em></strong></span> <span class='ocrx_word' id='word_1_6' title='bbox 662 219 727 259; x_wconf 83' lang='grc' dir='ltr'>καὶ</span> <span class='ocrx_word' id='word_1_7' title='bbox 762 219 980 276; x_wconf 77' lang='grc' dir='ltr'><strong><em>ἐπιτρέψας</em></strong></span> <span class='ocrx_word' id='word_1_8' title='bbox 1012 220 1085 274; x_wconf 83' lang='grc' dir='ltr'>τὴν</span> <span class='ocrx_word' id='word_1_9' title='bbox 1118 224 1252 263; x_wconf 80' lang='grc' dir='ltr'><strong><em>πᾶσαν</em></strong></span> <span class='ocrx_word' id='word_1_10' title='bbox 1283 218 1397 265; x_wconf 84' lang='grc' dir='ltr'><strong><em>πόλιν</em></strong></span> <span class='ocrx_word' id='word_1_11' title='bbox 1431 221 1504 268; x_wconf 76' lang='grc' dir='ltr'><strong><em>δύο</em></strong></span> <span class='ocrx_word' id='word_1_12' title='bbox 1539 222 1766 282; x_wconf 78' lang='grc' dir='ltr'><strong><em>χιλιάρχοις</em></strong></span> 
     </span>
     <span class='ocr_line' id='line_1_3' title="bbox 307 283 1764 346; baseline 0.008 -21"><span class='ocrx_word' id='word_1_13' title='bbox 307 283 555 326; x_wconf 76' lang='grc' dir='ltr'><strong><em>ἀνέπλευσεν.</em></strong></span> <span class='ocrx_word' id='word_1_14' title='bbox 612 284 685 327; x_wconf 82' lang='grc' dir='ltr'><strong><em>οὔκ</em></strong></span> <span class='ocrx_word' id='word_1_15' title='bbox 707 285 894 342; x_wconf 72' lang='grc' dir='ltr'><strong><em>ἠδυνήθη</em></strong></span> <span class='ocrx_word' id='word_1_16' title='bbox 917 289 1052 342; x_wconf 82' lang='grc' dir='ltr'><strong><em>μέντοι</em></strong></span> <span class='ocrx_word' id='word_1_17' title='bbox 1075 293 1126 344; x_wconf 87' lang='grc' dir='ltr'><strong><em>τῇ</em></strong></span> <span class='ocrx_word' id='word_1_18' title='bbox 1147 287 1293 345; x_wconf 81' lang='grc' dir='ltr'><em>Λιβύῃ</em></span> <span class='ocrx_word' id='word_1_19' title='bbox 1316 295 1603 346; x_wconf 71' lang='grc' dir='ltr'><em>προσπλεῦσαι.</em></span> <span class='ocrx_word' id='word_1_20' title='bbox 1659 293 1764 337; x_wconf 73' lang='grc' dir='ltr'><strong><em>οὕτω</em></strong></span> 
     </span>
     <span class='ocr_line' id='line_1_4' title="bbox 301 351 1763 416; baseline 0.008 -24"><span class='ocrx_word' id='word_1_21' title='bbox 301 351 347 392; x_wconf 74' lang='grc' dir='ltr'>δ’</span> <span class='ocrx_word' id='word_1_22' title='bbox 375 351 413 393; x_wconf 78' lang='grc' dir='ltr'><strong><em>οἱ</em></strong></span> <span class='ocrx_word' id='word_1_23' title='bbox 438 352 709 407; x_wconf 77' lang='grc' dir='ltr'><strong><em>Καρχηδόνιοι</em></strong></span> <span class='ocrx_word' id='word_1_24' title='bbox 732 354 805 409; x_wconf 82' lang='grc' dir='ltr'>τὴν</span> <span class='ocrx_word' id='word_1_25' title='bbox 827 354 957 412; x_wconf 84' lang='grc' dir='ltr'><strong><em>ὁρμὴν</em></strong></span> <span class='ocrx_word' id='word_1_26' title='bbox 981 357 1107 398; x_wconf 77' lang='grc' dir='ltr'><strong><em>αὐτοῦ</em></strong></span> <span class='ocrx_word' id='word_1_27' title='bbox 1134 355 1304 408; x_wconf 64' lang='grc' dir='ltr'><strong><em>ἔδεισαν,</em></strong></span> <span class='ocrx_word' id='word_1_28' title='bbox 1339 356 1441 401; x_wconf 79' lang='grc' dir='ltr'><strong><em>ὥστε</em></strong></span> <span class='ocrx_word' id='word_1_29' title='bbox 1470 358 1659 414; x_wconf 80' lang='grc' dir='ltr'><strong><em>χρήματα</em></strong></span> <span class='ocrx_word' id='word_1_30' title='bbox 1689 363 1763 416; x_wconf 74' lang='grc' dir='ltr'><strong><em>μέν</em></strong></span> 
     </span>
     <span class='ocr_line' id='line_1_5' title="bbox 301 421 1763 486; baseline 0.008 -26"><span class='ocrx_word' id='word_1_31' title='bbox 301 422 359 475; x_wconf 77' lang='grc' dir='ltr'><strong><em>τῷ</em></strong></span> <span class='ocrx_word' id='word_1_32' title='bbox 383 421 572 478; x_wconf 76' lang='grc' dir='ltr'><strong><em>Φιλίππῳ</em></strong></span> <span class='ocrx_word' id='word_1_33' title='bbox 594 427 746 464; x_wconf 84' lang='grc' dir='ltr'><strong><em>στεῖλαι</em></strong></span> <span class='ocrx_word' id='word_1_34' title='bbox 768 424 825 464; x_wconf 70' lang='grc' dir='ltr'>ἵν’</span> <span class='ocrx_word' id='word_1_35' title='bbox 854 426 909 474; x_wconf 77' lang='grc' dir='ltr'><strong><em>εἷς</em></strong></span> <span class='ocrx_word' id='word_1_36' title='bbox 932 425 1006 478; x_wconf 82' lang='grc' dir='ltr'>τὴν</span> <span class='ocrx_word' id='word_1_37' title='bbox 1025 425 1197 467; x_wconf 85' lang='grc' dir='ltr'><strong><em>Ἰταλίαν</em></strong></span> <span class='ocrx_word' id='word_1_38' title='bbox 1220 424 1466 484; x_wconf 78' lang='grc' dir='ltr'><strong><em>στρατεύσῃ,</em></strong></span> <span class='ocrx_word' id='word_1_39' title='bbox 1500 429 1647 486; x_wconf 68' lang='grc' dir='ltr'><strong><em>καὶτῷ</em></strong></span> <span class='ocrx_word' id='word_1_40' title='bbox 1672 429 1763 471; x_wconf 86' lang='grc' dir='ltr'><strong><em>Ἀν-</em></strong></span> 
     </span>
    </p>

    <p class='ocr_par' dir='ltr' id='par_1_3' title="bbox 254 488 1820 896">
     <span class='ocr_line' id='line_1_6' title="bbox 254 488 1795 553; baseline 0.008 -25"><span class='ocrx_word' id='word_1_41' title='bbox 254 494 285 528; x_wconf 83' lang='lat' dir='ltr'>O</span> <span class='ocrx_word' id='word_1_42' title='bbox 307 488 399 546; x_wconf 73' lang='grc' dir='ltr'><strong><em>νίβρι</em></strong></span> <span class='ocrx_word' id='word_1_43' title='bbox 422 490 488 530; x_wconf 79' lang='grc' dir='ltr'>καὶ</span> <span class='ocrx_word' id='word_1_44' title='bbox 513 496 623 532; x_wconf 87' lang='grc' dir='ltr'><strong><em>σΐτον</em></strong></span> <span class='ocrx_word' id='word_1_45' title='bbox 645 492 804 545; x_wconf 72' lang='grc' dir='ltr'><strong><em>πέμψαι</em></strong></span> <span class='ocrx_word' id='word_1_46' title='bbox 826 494 893 534; x_wconf 87' lang='grc' dir='ltr'>καὶ</span> <span class='ocrx_word' id='word_1_47' title='bbox 916 491 1187 548; x_wconf 83' lang='grc' dir='ltr'><strong><em>στρατιώτας,</em></strong></span> <span class='ocrx_word' id='word_1_48' title='bbox 1215 496 1281 535; x_wconf 78' lang='grc' dir='ltr'>καὶ</span> <span class='ocrx_word' id='word_1_49' title='bbox 1304 499 1400 545; x_wconf 85' lang='grc' dir='ltr'><strong><em>ναῦς</em></strong></span> <span class='ocrx_word' id='word_1_50' title='bbox 1421 498 1480 553; x_wconf 76' lang='grc' dir='ltr'><strong><em>τῷ</em></strong></span> <span class='ocrx_word' id='word_1_51' title='bbox 1499 497 1671 552; x_wconf 71' lang='grc' dir='ltr'><strong><em>Μαγῶνι</em></strong></span> <span class='ocrx_word' id='word_1_52' title='bbox 1693 500 1795 540; x_wconf 68' lang='grc' dir='ltr'>καὶὸ</span> 
     </span>
     <span class='ocr_line' id='line_1_7' title="bbox 297 554 1764 622; baseline 0.007 -24"><span class='ocrx_word' id='word_1_53' title='bbox 297 554 491 612; x_wconf 83' lang='grc' dir='ltr'><strong><em>χρήματα</em></strong></span> <span class='ocrx_word' id='word_1_54' title='bbox 509 558 577 600; x_wconf 77' lang='grc' dir='ltr'>ἵνα</span> <span class='ocrx_word' id='word_1_55' title='bbox 600 557 669 601; x_wconf 86' lang='grc' dir='ltr'>τὸν</span> <span class='ocrx_word' id='word_1_56' title='bbox 692 560 895 602; x_wconf 80' lang='grc' dir='ltr'><strong><em>Σκιπίωνα</em></strong></span> <span class='ocrx_word' id='word_1_57' title='bbox 918 560 1079 617; x_wconf 78' lang='grc' dir='ltr'><strong><em>κωλύσῃ</em></strong></span> <span class='ocrx_word' id='word_1_58' title='bbox 1103 556 1395 618; x_wconf 67' lang='grc' dir='ltr'><strong><em>περαιωθῆναι.</em></strong></span> <span class='ocrx_word' id='word_1_59' title='bbox 1457 563 1500 606; x_wconf 72' lang='grc' dir='ltr'>ἐκ</span> <span class='ocrx_word' id='word_1_60' title='bbox 1525 565 1571 606; x_wconf 74' lang='grc' dir='ltr'>δὲ</span> <span class='ocrx_word' id='word_1_61' title='bbox 1592 567 1764 622; x_wconf 70' lang='grc' dir='ltr'><strong><em>σημείων</em></strong></span> 
     </span>
     <span class='ocr_line' id='line_1_8' title="bbox 301 624 1764 690; baseline 0.007 -25"><span class='ocrx_word' id='word_1_62' title='bbox 301 628 419 667; x_wconf 81' lang='grc' dir='ltr'><strong><em>τινῶν</em></strong></span> <span class='ocrx_word' id='word_1_63' title='bbox 441 626 552 680; x_wconf 82' lang='grc' dir='ltr'><strong><em>νίκην</em></strong></span> <span class='ocrx_word' id='word_1_64' title='bbox 575 626 613 668; x_wconf 85' lang='grc' dir='ltr'><strong><em>οἶ</em></strong></span> <span class='ocrx_word' id='word_1_65' title='bbox 630 624 822 680; x_wconf 82' lang='grc' dir='ltr'><strong><em>Ῥωμαῖοι</em></strong></span> <span class='ocrx_word' id='word_1_66' title='bbox 846 629 1036 685; x_wconf 80' lang='grc' dir='ltr'><strong><em>λαμπρὰν</em></strong></span> <span class='ocrx_word' id='word_1_67' title='bbox 1059 630 1288 681; x_wconf 74' lang='grc' dir='ltr'><strong><em>ἐλπίσαντες</em></strong></span> <span class='ocrx_word' id='word_1_68' title='bbox 1295 663 1309 683; x_wconf 84' lang='grc'><strong><em>,</em></strong></span> <span class='ocrx_word' id='word_1_69' title='bbox 1332 629 1404 686; x_wconf 79' lang='grc' dir='ltr'>τήν</span> <span class='ocrx_word' id='word_1_70' title='bbox 1426 648 1468 674; x_wconf 79' lang='grc' dir='ltr'><strong><em>τε</em></strong></span> <span class='ocrx_word' id='word_1_71' title='bbox 1491 632 1532 674; x_wconf 77' lang='grc' dir='ltr'><strong><em>ἕν</em></strong></span> <span class='ocrx_word' id='word_1_72' title='bbox 1555 633 1764 690; x_wconf 21' lang='grc' dir='ltr'><strong><em>τῇλΛιβῦῃ</em></strong></span> 
     </span>
     <span class='ocr_line' id='line_1_9' title="bbox 299 693 1765 757; baseline 0.007 -23"><span class='ocrx_word' id='word_1_73' title='bbox 299 693 494 744; x_wconf 80' lang='grc' dir='ltr'><strong><em>στρατιὰν</em></strong></span> <span class='ocrx_word' id='word_1_74' title='bbox 526 699 582 750; x_wconf 77' lang='grc' dir='ltr'><strong><em>τῷ</em></strong></span> <span class='ocrx_word' id='word_1_75' title='bbox 607 696 798 737; x_wconf 79' lang='grc' dir='ltr'><strong><em>Σκιπίωνι</em></strong></span> <span class='ocrx_word' id='word_1_76' title='bbox 829 698 896 738; x_wconf 81' lang='grc' dir='ltr'>καὶ</span> <span class='ocrx_word' id='word_1_77' title='bbox 930 696 1100 752; x_wconf 80' lang='grc' dir='ltr'><strong><em>δύναμιν</em></strong></span> <span class='ocrx_word' id='word_1_78' title='bbox 1128 697 1254 753; x_wconf 76' lang='grc' dir='ltr'><strong><em>ἄλλην</em></strong></span> <span class='ocrx_word' id='word_1_79' title='bbox 1287 697 1342 749; x_wconf 77' lang='grc' dir='ltr'><strong><em>ὥς</em></strong></span> <span class='ocrx_word' id='word_1_80' title='bbox 1368 698 1417 742; x_wconf 74' lang='grc' dir='ltr'><strong><em>ἂν</em></strong></span> <span class='ocrx_word' id='word_1_81' title='bbox 1439 699 1615 757; x_wconf 70' lang='grc' dir='ltr'><strong><em>ἐθελήσῃ</em></strong></span> <span class='ocrx_word' id='word_1_82' title='bbox 1641 718 1765 743; x_wconf 84' lang='grc' dir='ltr'><strong><em>κατα-</em></strong></span> 
     </span>
     <span class='ocr_line' id='line_1_10' title="bbox 298 760 1766 826; baseline 0.007 -25"><span class='ocrx_word' id='word_1_83' title='bbox 298 760 502 810; x_wconf 72' lang='grc' dir='ltr'><strong><em>λέξασθαί</em></strong></span> <span class='ocrx_word' id='word_1_84' title='bbox 521 761 559 802; x_wconf 75' lang='grc' dir='ltr'><strong><em>οἱ</em></strong></span> <span class='ocrx_word' id='word_1_85' title='bbox 582 763 819 819; x_wconf 71' lang='grc' dir='ltr'><strong><em>ἐπέτρεψαν.</em></strong></span> <span class='ocrx_word' id='word_1_86' title='bbox 887 769 967 807; x_wconf 83' lang='grc' dir='ltr'>τῶν</span> <span class='ocrx_word' id='word_1_87' title='bbox 990 766 1067 823; x_wconf 79' lang='grc' dir='ltr'><strong><em>γὰρ</em></strong></span> <span class='ocrx_word' id='word_1_88' title='bbox 1089 764 1254 810; x_wconf 72' lang='grc' dir='ltr'><strong><em>ὑπάτων</em></strong></span> <span class='ocrx_word' id='word_1_89' title='bbox 1276 765 1456 824; x_wconf 80' lang='grc' dir='ltr'><strong><em>Μάρκον</em></strong></span> <span class='ocrx_word' id='word_1_90' title='bbox 1477 768 1551 822; x_wconf 76' lang='grc' dir='ltr'><strong><em>μὲν</em></strong></span> <span class='ocrx_word' id='word_1_91' title='bbox 1575 769 1766 826; x_wconf 71' lang='grc' dir='ltr'><strong><em>Κέθηγον</em></strong></span> 
     </span>
     <span class='ocr_line' id='line_1_11' title="bbox 300 829 1820 896; baseline 0.009 -28"><span class='ocrx_word' id='word_1_92' title='bbox 300 832 359 885; x_wconf 76' lang='grc' dir='ltr'><strong><em>τῷ</em></strong></span> <span class='ocrx_word' id='word_1_93' title='bbox 381 831 558 884; x_wconf 80' lang='grc' dir='ltr'><strong><em>Μαγῶνι</em></strong></span> <span class='ocrx_word' id='word_1_94' title='bbox 568 861 580 880; x_wconf 88' lang='grc'><strong><em>,</em></strong></span> <span class='ocrx_word' id='word_1_95' title='bbox 615 829 826 874; x_wconf 77' lang='grc' dir='ltr'><strong><em>Πούπλιον</em></strong></span> <span class='ocrx_word' id='word_1_96' title='bbox 852 833 896 875; x_wconf 81' lang='grc' dir='ltr'>δὲ</span> <span class='ocrx_word' id='word_1_97' title='bbox 918 833 1177 891; x_wconf 75' lang='grc' dir='ltr'><strong><em>Σεμπρώνιον</em></strong></span> <span class='ocrx_word' id='word_1_98' title='bbox 1199 839 1257 894; x_wconf 79' lang='grc' dir='ltr'><strong><em>τῷ</em></strong></span> <span class='ocrx_word' id='word_1_99' title='bbox 1283 836 1446 896; x_wconf 70' lang='grc' dir='ltr'><strong><em>Ἀννίβᾳ</em></strong></span> <span class='ocrx_word' id='word_1_100' title='bbox 1467 837 1697 888; x_wconf 76' lang='grc' dir='ltr'><strong><em>ἀπέταξαν.</em></strong></span> <span class='ocrx_word' id='word_1_101' title='bbox 1775 847 1820 883; x_wconf 86' lang='grc'>10</span> 
     </span>
    </p>

    <p class='ocr_par' dir='ltr' id='par_1_4' title="bbox 301 898 1765 1031">
     <span class='ocr_line' id='line_1_12' title="bbox 438 898 1765 960; baseline 0.008 -22"><span class='ocrx_word' id='word_1_102' title='bbox 438 898 504 939; x_wconf 79' lang='lat'>12.</span> <span class='ocrx_word' id='word_1_103' title='bbox 579 898 630 940; x_wconf 78' lang='grc' dir='ltr'>Οἱ</span> <span class='ocrx_word' id='word_1_104' title='bbox 662 900 710 942; x_wconf 75' lang='grc' dir='ltr'>δέ</span> <span class='ocrx_word' id='word_1_105' title='bbox 740 916 783 955; x_wconf 82' lang='grc' dir='ltr'>γε</span> <span class='ocrx_word' id='word_1_106' title='bbox 808 902 1083 957; x_wconf 73' lang='grc' dir='ltr'><strong><em>Καρχηδόνιοι</em></strong></span> <span class='ocrx_word' id='word_1_107' title='bbox 1108 905 1307 955; x_wconf 81' lang='grc' dir='ltr'><strong><em>δείσαντες</em></strong></span> <span class='ocrx_word' id='word_1_108' title='bbox 1328 905 1398 948; x_wconf 84' lang='grc' dir='ltr'>τὸν</span> <span class='ocrx_word' id='word_1_109' title='bbox 1420 906 1683 949; x_wconf 87' lang='grc' dir='ltr'><strong><em>Μασινίσσαν</em></strong></span> <span class='ocrx_word' id='word_1_110' title='bbox 1706 906 1765 960; x_wconf 87' lang='grc' dir='ltr'>μὴ</span> 
     </span>
     <span class='ocr_line' id='line_1_13' title="bbox 301 965 1762 1031; baseline 0.008 -25"><span class='ocrx_word' id='word_1_111' title='bbox 301 965 492 1007; x_wconf 82' lang='grc' dir='ltr'><strong><em>Σκιπίωνι</em></strong></span> <span class='ocrx_word' id='word_1_112' title='bbox 516 965 749 1022; x_wconf 75' lang='grc' dir='ltr'><strong><em>πρόσθηται</em></strong></span> <span class='ocrx_word' id='word_1_113' title='bbox 761 1001 773 1019; x_wconf 90' lang='grc'><strong><em>,</em></strong></span> <span class='ocrx_word' id='word_1_114' title='bbox 809 968 968 1012; x_wconf 66' lang='grc' dir='ltr'><strong><em>ἔπεισαν</em></strong></span> <span class='ocrx_word' id='word_1_115' title='bbox 991 971 1060 1013; x_wconf 85' lang='grc' dir='ltr'>τὸν</span> <span class='ocrx_word' id='word_1_116' title='bbox 1083 970 1259 1028; x_wconf 69' lang='grc' dir='ltr'><strong><em>Σόφακα</em></strong></span> <span class='ocrx_word' id='word_1_117' title='bbox 1281 973 1354 1028; x_wconf 83' lang='grc' dir='ltr'>τὴν</span> <span class='ocrx_word' id='word_1_118' title='bbox 1377 973 1504 1029; x_wconf 77' lang='grc' dir='ltr'><strong><em>ἀρχὴν</em></strong></span> <span class='ocrx_word' id='word_1_119' title='bbox 1528 973 1637 1031; x_wconf 71' lang='grc' dir='ltr'><strong><em>αὐτῷ</em></strong></span> <span class='ocrx_word' id='word_1_120' title='bbox 1661 974 1762 1016; x_wconf 78' lang='grc' dir='ltr'><strong><em>ἄπο-</em></strong></span> 
     </span>
    </p>

    <p class='ocr_par' dir='ltr' id='par_1_5' title="bbox 246 1031 1820 1712">
     <span class='ocr_line' id='line_1_14' title="bbox 246 1031 1766 1094; baseline 0.007 -20"><span class='ocrx_word' id='word_1_121' title='bbox 246 1039 279 1073; x_wconf 86' lang='grc'>1)</span> <span class='ocrx_word' id='word_1_122' title='bbox 305 1035 463 1085; x_wconf 79' lang='grc' dir='ltr'><strong><em>δοῦναι,</em></strong></span> <span class='ocrx_word' id='word_1_123' title='bbox 499 1032 554 1084; x_wconf 81' lang='grc' dir='ltr'><strong><em>ὥς</em></strong></span> <span class='ocrx_word' id='word_1_124' title='bbox 577 1037 642 1078; x_wconf 83' lang='grc' dir='ltr'>καὶ</span> <span class='ocrx_word' id='word_1_125' title='bbox 667 1031 791 1088; x_wconf 73' lang='grc' dir='ltr'><strong><em>αὖθις</em></strong></span> <span class='ocrx_word' id='word_1_126' title='bbox 815 1038 941 1093; x_wconf 77' lang='grc' dir='ltr'><strong><em>αὐτὴν</em></strong></span> <span class='ocrx_word' id='word_1_127' title='bbox 965 1039 1298 1094; x_wconf 76' lang='grc' dir='ltr'><strong><em>ἀνακτησάμενον.</em></strong></span> <span class='ocrx_word' id='word_1_128' title='bbox 1367 1039 1388 1084; x_wconf 83' lang='grc' dir='ltr'><strong>ὅ</strong></span> <span class='ocrx_word' id='word_1_129' title='bbox 1413 1036 1484 1084; x_wconf 72' lang='grc' dir='ltr'>οὖν</span> <span class='ocrx_word' id='word_1_130' title='bbox 1505 1043 1766 1094; x_wconf 67' lang='grc' dir='ltr'><strong><em>ΖΠασινίσσας</em></strong></span> 
     </span>
     <span class='ocr_line' id='line_1_15' title="bbox 299 1100 1766 1164; baseline 0.007 -21"><span class='ocrx_word' id='word_1_131' title='bbox 299 1100 505 1146; x_wconf 78' lang='grc' dir='ltr'><strong><em>ὖπώπτευε</em></strong></span> <span class='ocrx_word' id='word_1_132' title='bbox 534 1104 608 1157; x_wconf 74' lang='grc' dir='ltr'><strong><em>μὲν</em></strong></span> <span class='ocrx_word' id='word_1_133' title='bbox 641 1104 686 1147; x_wconf 84' lang='grc' dir='ltr'><strong><em>τὸ</em></strong></span> <span class='ocrx_word' id='word_1_134' title='bbox 721 1105 1007 1162; x_wconf 82' lang='grc' dir='ltr'><strong><em>πραττόμενον,</em></strong></span> <span class='ocrx_word' id='word_1_135' title='bbox 1042 1109 1271 1164; x_wconf 79' lang='grc' dir='ltr'><strong><em>κατηλλάγη</em></strong></span> <span class='ocrx_word' id='word_1_136' title='bbox 1296 1110 1340 1152; x_wconf 80' lang='grc' dir='ltr'>δὲ</span> <span class='ocrx_word' id='word_1_137' title='bbox 1365 1111 1504 1164; x_wconf 74' lang='grc' dir='ltr'><strong><em>δῆθεν,</em></strong></span> <span class='ocrx_word' id='word_1_138' title='bbox 1535 1112 1606 1153; x_wconf 73' lang='grc' dir='ltr'>ἵνα</span> <span class='ocrx_word' id='word_1_139' title='bbox 1629 1110 1766 1161; x_wconf 82' lang='grc' dir='ltr'><strong><em>πιστὸς</em></strong></span> 
     </span>
     <span class='ocr_line' id='line_1_16' title="bbox 301 1173 1819 1236; baseline 0.007 -25"><span class='ocrx_word' id='word_1_140' title='bbox 301 1174 508 1224; x_wconf 72' lang='grc' dir='ltr'><strong><em>νομισθεὶς</em></strong></span> <span class='ocrx_word' id='word_1_141' title='bbox 528 1173 632 1228; x_wconf 74' lang='grc' dir='ltr'><strong><em>μέγα</em></strong></span> <span class='ocrx_word' id='word_1_142' title='bbox 655 1191 693 1215; x_wconf 91' lang='grc' dir='ltr'>τι</span> <span class='ocrx_word' id='word_1_143' title='bbox 716 1179 870 1231; x_wconf 82' lang='grc' dir='ltr'><strong><em>σφῆλαι</em></strong></span> <span class='ocrx_word' id='word_1_144' title='bbox 894 1176 1041 1227; x_wconf 75' lang='grc' dir='ltr'><strong><em>αὐτοὺς</em></strong></span> <span class='ocrx_word' id='word_1_145' title='bbox 1068 1178 1250 1235; x_wconf 71' lang='grc' dir='ltr'><strong><em>δυνηθῇ·</em></strong></span> <span class='ocrx_word' id='word_1_146' title='bbox 1291 1181 1448 1231; x_wconf 79' lang='grc' dir='ltr'><strong><em>μᾶλλον</em></strong></span> <span class='ocrx_word' id='word_1_147' title='bbox 1469 1178 1547 1236; x_wconf 82' lang='grc' dir='ltr'><strong><em>γὰρ</em></strong></span> <span class='ocrx_word' id='word_1_148' title='bbox 1569 1176 1669 1235; x_wconf 76' lang='grc' dir='ltr'>ὗπὲρ</span> <span class='ocrx_word' id='word_1_149' title='bbox 1692 1182 1764 1233; x_wconf 84' lang='grc' dir='ltr'><strong><em>τῆς</em></strong></span> <span class='ocrx_word' id='word_1_150' title='bbox 1775 1190 1819 1225; x_wconf 78' lang='lat'>15</span> 
     </span>
     <span class='ocr_line' id='line_1_17' title="bbox 300 1240 1765 1302; baseline 0.005 -22"><span class='ocrx_word' id='word_1_151' title='bbox 300 1241 537 1295; x_wconf 76' lang='grc' dir='ltr'><strong><em>Σοφωνίδος</em></strong></span> <span class='ocrx_word' id='word_1_152' title='bbox 571 1240 598 1294; x_wconf 76' lang='grc' dir='ltr'><strong><em>ἢ</em></strong></span> <span class='ocrx_word' id='word_1_153' title='bbox 630 1246 701 1296; x_wconf 81' lang='grc' dir='ltr'>τῆς</span> <span class='ocrx_word' id='word_1_154' title='bbox 731 1245 940 1295; x_wconf 77' lang='grc' dir='ltr'><strong><em>βασιλείας</em></strong></span> <span class='ocrx_word' id='word_1_155' title='bbox 970 1245 1168 1302; x_wconf 80' lang='grc' dir='ltr'><strong><em>ὠργίζετο.</em></strong></span> <span class='ocrx_word' id='word_1_156' title='bbox 1237 1245 1300 1288; x_wconf 84' lang='grc' dir='ltr'>διὸ</span> <span class='ocrx_word' id='word_1_157' title='bbox 1341 1248 1407 1289; x_wconf 86' lang='grc' dir='ltr'>καὶ</span> <span class='ocrx_word' id='word_1_158' title='bbox 1439 1253 1524 1297; x_wconf 77' lang='grc' dir='ltr'><strong><em>τοῖς</em></strong></span> <span class='ocrx_word' id='word_1_159' title='bbox 1552 1244 1765 1301; x_wconf 86' lang='grc' dir='ltr'><strong><em>Ῥωμαίοις</em></strong></span> 
     </span>
     <span class='ocr_line' id='line_1_18' title="bbox 299 1307 1764 1371; baseline 0.006 -23"><span class='ocrx_word' id='word_1_160' title='bbox 299 1308 544 1363; x_wconf 80' lang='grc' dir='ltr'><strong><em>προσέκειτο,</em></strong></span> <span class='ocrx_word' id='word_1_161' title='bbox 564 1307 873 1367; x_wconf 71' lang='grc' dir='ltr'><strong><em>ὑποκρινόμενος</em></strong></span> <span class='ocrx_word' id='word_1_162' title='bbox 890 1313 941 1355; x_wconf 81' lang='grc' dir='ltr'><strong><em>τὰ</em></strong></span> <span class='ocrx_word' id='word_1_163' title='bbox 959 1318 1040 1355; x_wconf 84' lang='grc' dir='ltr'>τῶν</span> <span class='ocrx_word' id='word_1_164' title='bbox 1057 1316 1347 1369; x_wconf 86' lang='grc' dir='ltr'><strong><em>Καρχηδονίων</em></strong></span> <span class='ocrx_word' id='word_1_165' title='bbox 1365 1315 1584 1371; x_wconf 73' lang='grc' dir='ltr'><strong><em>αἱρεῖσθαι.</em></strong></span> <span class='ocrx_word' id='word_1_166' title='bbox 1618 1313 1639 1357; x_wconf 83' lang='grc' dir='ltr'><strong><em>ὅ</em></strong></span> <span class='ocrx_word' id='word_1_167' title='bbox 1660 1315 1708 1358; x_wconf 79' lang='grc' dir='ltr'>δέ</span> <span class='ocrx_word' id='word_1_168' title='bbox 1721 1331 1764 1371; x_wconf 83' lang='grc' dir='ltr'>γε</span> 
     </span>
     <span class='ocr_line' id='line_1_19' title="bbox 301 1374 1764 1438; baseline 0.006 -22"><span class='ocrx_word' id='word_1_169' title='bbox 301 1374 448 1432; x_wconf 78' lang='grc' dir='ltr'><strong><em>Σύφαξ</em></strong></span> <span class='ocrx_word' id='word_1_170' title='bbox 482 1378 533 1419; x_wconf 82' lang='grc' dir='ltr'><strong><em>τὰ</em></strong></span> <span class='ocrx_word' id='word_1_171' title='bbox 566 1382 646 1419; x_wconf 82' lang='grc' dir='ltr'>τῶν</span> <span class='ocrx_word' id='word_1_172' title='bbox 669 1377 846 1432; x_wconf 77' lang='grc' dir='ltr'><strong><em>Λιβύων</em></strong></span> <span class='ocrx_word' id='word_1_173' title='bbox 868 1380 1054 1438; x_wconf 82' lang='grc' dir='ltr'><strong><em>πράττων</em></strong></span> <span class='ocrx_word' id='word_1_174' title='bbox 1077 1381 1288 1425; x_wconf 73' lang='grc' dir='ltr'><strong><em>ἐπλάττετο</em></strong></span> <span class='ocrx_word' id='word_1_175' title='bbox 1318 1380 1529 1437; x_wconf 84' lang='grc' dir='ltr'><strong><em>Ῥωμαίοις</em></strong></span> <span class='ocrx_word' id='word_1_176' title='bbox 1551 1382 1764 1433; x_wconf 66' lang='grc' dir='ltr'><strong><em>ἔνσπονδος</em></strong></span> 
     </span>
     <span class='ocr_line' id='line_1_20' title="bbox 298 1442 1763 1507; baseline 0.005 -22"><span class='ocrx_word' id='word_1_177' title='bbox 298 1442 397 1486; x_wconf 72' lang='grc' dir='ltr'><strong><em>εἶναι</em></strong></span> <span class='ocrx_word' id='word_1_178' title='bbox 409 1477 421 1495; x_wconf 91' lang='grc'><strong><em>,</em></strong></span> <span class='ocrx_word' id='word_1_179' title='bbox 446 1447 513 1486; x_wconf 82' lang='grc' dir='ltr'>καὶ</span> <span class='ocrx_word' id='word_1_180' title='bbox 531 1447 690 1496; x_wconf 81' lang='grc' dir='ltr'><strong><em>στείλας</em></strong></span> <span class='ocrx_word' id='word_1_181' title='bbox 707 1448 807 1504; x_wconf 82' lang='grc' dir='ltr'><strong><em>πρὸς</em></strong></span> <span class='ocrx_word' id='word_1_182' title='bbox 822 1448 894 1491; x_wconf 84' lang='grc' dir='ltr'>τὸν</span> <span class='ocrx_word' id='word_1_183' title='bbox 913 1451 1118 1493; x_wconf 87' lang='grc' dir='ltr'><strong><em>Σκιπίωνα</em></strong></span> <span class='ocrx_word' id='word_1_184' title='bbox 1141 1449 1307 1507; x_wconf 79' lang='grc' dir='ltr'><strong><em>παρῄνει</em></strong></span> <span class='ocrx_word' id='word_1_185' title='bbox 1329 1451 1388 1506; x_wconf 85' lang='grc' dir='ltr'>μὴ</span> <span class='ocrx_word' id='word_1_186' title='bbox 1410 1449 1668 1505; x_wconf 71' lang='grc' dir='ltr'><strong><em>,ποιήσασθαι</em></strong></span> <span class='ocrx_word' id='word_1_187' title='bbox 1691 1451 1763 1506; x_wconf 87' lang='grc' dir='ltr'>τὴν</span> 
     </span>
     <span class='ocr_line' id='line_1_21' title="bbox 298 1511 1820 1576; baseline 0.007 -23"><span class='ocrx_word' id='word_1_188' title='bbox 298 1511 502 1566; x_wconf 80' lang='grc' dir='ltr'><strong><em>διάβασιν.</em></strong></span> <span class='ocrx_word' id='word_1_189' title='bbox 573 1514 749 1566; x_wconf 83' lang='grc' dir='ltr'><strong><em>ἀκούσας</em></strong></span> <span class='ocrx_word' id='word_1_190' title='bbox 774 1517 816 1559; x_wconf 80' lang='grc' dir='ltr'>δὲ</span> <span class='ocrx_word' id='word_1_191' title='bbox 838 1522 966 1560; x_wconf 77' lang='grc' dir='ltr'><strong><em>ταῦτα</em></strong></span> <span class='ocrx_word' id='word_1_192' title='bbox 990 1519 1047 1560; x_wconf 73' lang='grc' dir='ltr'>δι’</span> <span class='ocrx_word' id='word_1_193' title='bbox 1076 1518 1316 1576; x_wconf 79' lang='grc' dir='ltr'><strong><em>ἀπορρήτων</em></strong></span> <span class='ocrx_word' id='word_1_194' title='bbox 1341 1518 1361 1561; x_wconf 82' lang='grc' dir='ltr'><em>ὅ</em></span> <span class='ocrx_word' id='word_1_195' title='bbox 1386 1521 1576 1572; x_wconf 87' lang='grc' dir='ltr'><strong><em>Σκιπίων,</em></strong></span> <span class='ocrx_word' id='word_1_196' title='bbox 1607 1522 1676 1565; x_wconf 72' lang='grc' dir='ltr'>ἵνα</span> <span class='ocrx_word' id='word_1_197' title='bbox 1701 1519 1820 1574; x_wconf 76' lang='grc' dir='ltr'>μὴ20</span> 
     </span>
     <span class='ocr_line' id='line_1_22' title="bbox 299 1582 1766 1643; baseline 0.005 -21"><span class='ocrx_word' id='word_1_198' title='bbox 299 1584 444 1635; x_wconf 85' lang='grc' dir='ltr'><strong><em>γνῶσιν</em></strong></span> <span class='ocrx_word' id='word_1_199' title='bbox 468 1582 506 1624; x_wconf 80' lang='grc' dir='ltr'><strong><em>οἳ</em></strong></span> <span class='ocrx_word' id='word_1_200' title='bbox 530 1588 792 1639; x_wconf 81' lang='grc' dir='ltr'><strong><em>στρατιῶται,</em></strong></span> <span class='ocrx_word' id='word_1_201' title='bbox 823 1583 891 1628; x_wconf 86' lang='grc' dir='ltr'>τόν</span> <span class='ocrx_word' id='word_1_202' title='bbox 910 1603 950 1629; x_wconf 84' lang='grc' dir='ltr'><strong><em>τε</em></strong></span> <span class='ocrx_word' id='word_1_203' title='bbox 968 1585 1123 1643; x_wconf 82' lang='grc' dir='ltr'><strong><em>κήρυκα</em></strong></span> <span class='ocrx_word' id='word_1_204' title='bbox 1141 1587 1379 1643; x_wconf 74' lang='grc' dir='ltr'><strong><em>αὐθημερὸν</em></strong></span> <span class='ocrx_word' id='word_1_205' title='bbox 1396 1587 1606 1643; x_wconf 78' lang='grc' dir='ltr'><strong><em>ἀπέπεμψε</em></strong></span> <span class='ocrx_word' id='word_1_206' title='bbox 1623 1589 1766 1642; x_wconf 84' lang='grc' dir='ltr'><strong><em>μηδενὶ</em></strong></span> 
     </span>
     <span class='ocr_line' id='line_1_23' title="bbox 300 1647 1764 1712; baseline 0.006 -23"><span class='ocrx_word' id='word_1_207' title='bbox 300 1647 412 1707; x_wconf 77' lang='grc' dir='ltr'><strong><em>ἄλλῳ</em></strong></span> <span class='ocrx_word' id='word_1_208' title='bbox 436 1651 811 1707; x_wconf 82' lang='grc' dir='ltr'><strong><em>προσομιλήσαντα,</em></strong></span> <span class='ocrx_word' id='word_1_209' title='bbox 859 1656 925 1696; x_wconf 83' lang='grc' dir='ltr'>καὶ</span> <span class='ocrx_word' id='word_1_210' title='bbox 950 1655 996 1697; x_wconf 82' lang='grc' dir='ltr'><strong><em>τὸ</em></strong></span> <span class='ocrx_word' id='word_1_211' title='bbox 1024 1654 1254 1712; x_wconf 86' lang='grc' dir='ltr'><strong><em>στράτευμα</em></strong></span> <span class='ocrx_word' id='word_1_212' title='bbox 1278 1657 1528 1712; x_wconf 75' lang='grc' dir='ltr'><strong><em>συγκαλέσας</em></strong></span> <span class='ocrx_word' id='word_1_213' title='bbox 1549 1657 1764 1698; x_wconf 77' lang='grc' dir='ltr'><strong><em>ἐπέσπευδε</em></strong></span> 
     </span>
    </p>
   </div>
   <div class='ocr_carea' id='block_1_3' title="bbox 390 1739 1760 1828">
    <p class='ocr_par' dir='ltr' id='par_1_6' title="bbox 390 1739 1760 1828">
     <span class='ocr_line' id='line_1_24' title="bbox 394 1739 1760 1795; baseline 0.005 -17"><span class='ocrx_word' id='word_1_214' title='bbox 394 1744 418 1778; x_wconf 86' lang='grc'>8</span> <span class='ocrx_word' id='word_1_215' title='bbox 440 1739 611 1789; x_wconf 77' lang='grc' dir='ltr'><strong><em>ἔθελήσοι</em></strong></span> <span class='ocrx_word' id='word_1_216' title='bbox 634 1746 675 1784; x_wconf 89' lang='grc' dir='ltr'>Α.</span> <span class='ocrx_word' id='word_1_217' title='bbox 839 1751 884 1786; x_wconf 85' lang='grc'>13</span> <span class='ocrx_word' id='word_1_218' title='bbox 908 1745 1024 1784; x_wconf 71' lang='grc' dir='ltr'><strong><em>αὐτὸν</em></strong></span> <span class='ocrx_word' id='word_1_219' title='bbox 1047 1750 1086 1787; x_wconf 88' lang='grc' dir='ltr'>Β.</span> <span class='ocrx_word' id='word_1_220' title='bbox 1250 1750 1294 1785; x_wconf 88' lang='grc'>17</span> <span class='ocrx_word' id='word_1_221' title='bbox 1327 1748 1371 1783; x_wconf 78' lang='grc' dir='ltr'>δέ</span> <span class='ocrx_word' id='word_1_222' title='bbox 1402 1761 1442 1794; x_wconf 85' lang='grc' dir='ltr'>γε</span> <span class='ocrx_word' id='word_1_223' title='bbox 1478 1748 1559 1795; x_wconf 85' lang='lat' dir='ltr'>AB,</span> <span class='ocrx_word' id='word_1_224' title='bbox 1593 1747 1637 1786; x_wconf 72' lang='grc' dir='ltr'>δὲ</span> <span class='ocrx_word' id='word_1_225' title='bbox 1671 1752 1760 1787; x_wconf 85' lang='lat' dir='ltr'>PW.</span> 
     </span>
     <span class='ocr_line' id='line_1_25' title="bbox 390 1788 704 1828; baseline 0.003 -2"><span class='ocrx_word' id='word_1_226' title='bbox 390 1791 438 1826; x_wconf 84' lang='lat'>22</span> <span class='ocrx_word' id='word_1_227' title='bbox 462 1788 611 1826; x_wconf 75' lang='grc' dir='ltr'><strong><em>ἔσπευδε</em></strong></span> <span class='ocrx_word' id='word_1_228' title='bbox 633 1793 704 1828; x_wconf 88' lang='grc' dir='ltr'>ΑΒ.</span> 
     </span>
    </p>
   </div>
   <div class='ocr_carea' id='block_1_4' title="bbox 381 1858 1762 1952">
    <p class='ocr_par' dir='ltr' id='par_1_7' title="bbox 381 1858 1762 1952">
     <span class='ocr_line' id='line_1_26' title="bbox 435 1858 1762 1909; baseline 0.005 -18"><span class='ocrx_word' id='word_1_229' title='bbox 435 1858 600 1892; x_wconf 71' lang='grc' dir='ltr'><strong><em>ΕοΜῈε.</em></strong></span> <span class='ocrx_word' id='word_1_230' title='bbox 655 1861 741 1904; x_wconf 84' lang='lat' dir='ltr'>Cap.</span> <span class='ocrx_word' id='word_1_231' title='bbox 768 1860 823 1895; x_wconf 83' lang='lat'>12.</span> <span class='ocrx_word' id='word_1_232' title='bbox 872 1860 1000 1894; x_wconf 80' lang='lat' dir='ltr'>Dionis</span> <span class='ocrx_word' id='word_1_233' title='bbox 1029 1861 1210 1896; x_wconf 82' lang='lat' dir='ltr'><strong><em>Historiae</em></strong></span> <span class='ocrx_word' id='word_1_234' title='bbox 1240 1864 1426 1899; x_wconf 80' lang='lat' dir='ltr'><em>Romanae</em></span> <span class='ocrx_word' id='word_1_235' title='bbox 1457 1863 1538 1897; x_wconf 67' lang='lat' dir='ltr'>libra·</span> <span class='ocrx_word' id='word_1_236' title='bbox 1570 1865 1762 1909; x_wconf 79' lang='lat' dir='ltr'>deperditi.-</span> 
     </span>
     <span class='ocr_line' id='line_1_27' title="bbox 381 1905 1546 1952; baseline 0.007 -16"><span class='ocrx_word' id='word_1_237' title='bbox 381 1906 598 1949; x_wconf 78' lang='lat' dir='ltr'>sragmenta</span> <span class='ocrx_word' id='word_1_238' title='bbox 624 1905 841 1940; x_wconf 77' lang='lat' dir='ltr'>Parisiensia</span> <span class='ocrx_word' id='word_1_239' title='bbox 863 1908 884 1941; x_wconf 82' lang='lat'>5</span> <span class='ocrx_word' id='word_1_240' title='bbox 909 1908 950 1950; x_wconf 86' lang='lat'>6,</span> <span class='ocrx_word' id='word_1_241' title='bbox 976 1913 1179 1952; x_wconf 77' lang='lat' dir='ltr'>excerptum</span> <span class='ocrx_word' id='word_1_242' title='bbox 1206 1909 1466 1944; x_wconf 78' lang='lat' dir='ltr'>Peirescianum</span> <span class='ocrx_word' id='word_1_243' title='bbox 1487 1909 1546 1945; x_wconf 84' lang='lat'>65.</span> 
     </span>
    </p>
   </div>
   <div class='ocr_carea' id='block_1_5' title="bbox 293 1983 1764 2809">
    <p class='ocr_par' dir='ltr' id='par_1_8' title="bbox 294 1983 1764 2389">
     <span class='ocr_line' id='line_1_28' title="bbox 296 1983 1761 2027; baseline 0.004 -11"><span class='ocrx_word' id='word_1_244' title='bbox 296 1985 441 2027; x_wconf 82' lang='lat' dir='ltr'>totaque</span> <span class='ocrx_word' id='word_1_245' title='bbox 465 1983 552 2016; x_wconf 86' lang='lat' dir='ltr'>urbe</span> <span class='ocrx_word' id='word_1_246' title='bbox 576 1984 711 2019; x_wconf 90' lang='lat' dir='ltr'>duobus</span> <span class='ocrx_word' id='word_1_247' title='bbox 735 1984 887 2018; x_wconf 85' lang='lat' dir='ltr'>tribunis</span> <span class='ocrx_word' id='word_1_248' title='bbox 911 1986 1053 2020; x_wconf 90' lang='lat' dir='ltr'>militum</span> <span class='ocrx_word' id='word_1_249' title='bbox 1079 1988 1240 2021; x_wconf 84' lang='lat' dir='ltr'>mandata</span> <span class='ocrx_word' id='word_1_250' title='bbox 1262 1987 1382 2022; x_wconf 83' lang='lat' dir='ltr'>rediit.</span> <span class='ocrx_word' id='word_1_251' title='bbox 1418 1999 1538 2022; x_wconf 86' lang='lat' dir='ltr'>verum</span> <span class='ocrx_word' id='word_1_252' title='bbox 1559 1988 1595 2022; x_wconf 88' lang='lat' dir='ltr'>in</span> <span class='ocrx_word' id='word_1_253' title='bbox 1610 1987 1761 2022; x_wconf 83' lang='lat' dir='ltr'>Africam</span> 
     </span>
     <span class='ocr_line' id='line_1_29' title="bbox 295 2029 1764 2078; baseline 0.003 -15"><span class='ocrx_word' id='word_1_254' title='bbox 295 2029 458 2063; x_wconf 87' lang='lat' dir='ltr'>traiicere</span> <span class='ocrx_word' id='word_1_255' title='bbox 483 2040 549 2062; x_wconf 92' lang='lat' dir='ltr'>non</span> <span class='ocrx_word' id='word_1_256' title='bbox 574 2030 703 2074; x_wconf 89' lang='lat' dir='ltr'>potuit.</span> <span class='ocrx_word' id='word_1_257' title='bbox 751 2031 803 2064; x_wconf 87' lang='lat' dir='ltr'>sic</span> <span class='ocrx_word' id='word_1_258' title='bbox 838 2035 950 2065; x_wconf 86' lang='lat' dir='ltr'>autem</span> <span class='ocrx_word' id='word_1_259' title='bbox 973 2032 1280 2078; x_wconf 79' lang='lat' dir='ltr'>Carthaginienses</span> <span class='ocrx_word' id='word_1_260' title='bbox 1311 2034 1498 2068; x_wconf 85' lang='lat' dir='ltr'>adventum</span> <span class='ocrx_word' id='word_1_261' title='bbox 1531 2033 1606 2067; x_wconf 83' lang='lat' dir='ltr'>eius</span> <span class='ocrx_word' id='word_1_262' title='bbox 1640 2033 1764 2068; x_wconf 82' lang='lat' dir='ltr'>timue-</span> 
     </span>
     <span class='ocr_line' id='line_1_30' title="bbox 296 2075 1762 2126; baseline 0.003 -17"><span class='ocrx_word' id='word_1_263' title='bbox 296 2081 395 2118; x_wconf 89' lang='lat' dir='ltr'>runt,</span> <span class='ocrx_word' id='word_1_264' title='bbox 428 2079 467 2108; x_wconf 81' lang='lat' dir='ltr'>ut</span> <span class='ocrx_word' id='word_1_265' title='bbox 489 2075 637 2119; x_wconf 83' lang='lat' dir='ltr'>pecunia</span> <span class='ocrx_word' id='word_1_266' title='bbox 661 2077 766 2111; x_wconf 85' lang='lat' dir='ltr'>missa</span> <span class='ocrx_word' id='word_1_267' title='bbox 789 2076 983 2126; x_wconf 85' lang='lat' dir='ltr'>Philippum</span> <span class='ocrx_word' id='word_1_268' title='bbox 1007 2078 1051 2111; x_wconf 85' lang='lat' dir='ltr'>ad</span> <span class='ocrx_word' id='word_1_269' title='bbox 1074 2079 1197 2113; x_wconf 92' lang='lat' dir='ltr'>bellum</span> <span class='ocrx_word' id='word_1_270' title='bbox 1221 2079 1344 2113; x_wconf 84' lang='lat' dir='ltr'>Italiae</span> <span class='ocrx_word' id='word_1_271' title='bbox 1368 2079 1583 2113; x_wconf 82' lang='lat' dir='ltr'>inferendum</span> <span class='ocrx_word' id='word_1_272' title='bbox 1608 2079 1762 2114; x_wconf 86' lang='lat' dir='ltr'>concita-</span> 
     </span>
     <span class='ocr_line' id='line_1_31' title="bbox 295 2121 1762 2170; baseline 0.004 -17"><span class='ocrx_word' id='word_1_273' title='bbox 295 2124 393 2163; x_wconf 82' lang='lat' dir='ltr'>rent,</span> <span class='ocrx_word' id='word_1_274' title='bbox 430 2125 466 2154; x_wconf 85' lang='lat' dir='ltr'>et</span> <span class='ocrx_word' id='word_1_275' title='bbox 490 2121 676 2156; x_wconf 82' lang='lat' dir='ltr'>Hannibali</span> <span class='ocrx_word' id='word_1_276' title='bbox 707 2123 916 2156; x_wconf 81' lang='lat' dir='ltr'>frumentum</span> <span class='ocrx_word' id='word_1_277' title='bbox 947 2128 984 2157; x_wconf 90' lang='lat' dir='ltr'>et</span> <span class='ocrx_word' id='word_1_278' title='bbox 1006 2124 1129 2158; x_wconf 83' lang='lat' dir='ltr'><strong>milites</strong></span> <span class='ocrx_word' id='word_1_279' title='bbox 1154 2125 1354 2168; x_wconf 79' lang='lat' dir='ltr'>mitterent,</span> <span class='ocrx_word' id='word_1_280' title='bbox 1387 2125 1532 2170; x_wconf 78' lang='lat' dir='ltr'>Magoni</span> <span class='ocrx_word' id='word_1_281' title='bbox 1554 2124 1698 2159; x_wconf 83' lang='lat' dir='ltr'>classem</span> <span class='ocrx_word' id='word_1_282' title='bbox 1725 2131 1762 2159; x_wconf 84' lang='lat' dir='ltr'>et</span> 
     </span>
     <span class='ocr_line' id='line_1_32' title="bbox 295 2166 1760 2216; baseline 0.004 -17"><span class='ocrx_word' id='word_1_283' title='bbox 295 2166 496 2212; x_wconf 88' lang='lat' dir='ltr'>pecuniam,</span> <span class='ocrx_word' id='word_1_284' title='bbox 537 2172 587 2201; x_wconf 25' lang='lat' dir='ltr'>ut*</span> <span class='ocrx_word' id='word_1_285' title='bbox 612 2179 631 2201; x_wconf 86' lang='lat' dir='ltr'>a</span> <span class='ocrx_word' id='word_1_286' title='bbox 671 2168 822 2202; x_wconf 77' lang='lat' dir='ltr'>traiectu</span> <span class='ocrx_word' id='word_1_287' title='bbox 854 2168 1053 2214; x_wconf 83' lang='lat' dir='ltr'>Scipionem</span> <span class='ocrx_word' id='word_1_288' title='bbox 1085 2171 1300 2216; x_wconf 86' lang='lat' dir='ltr'>prohiberet.</span> <span class='ocrx_word' id='word_1_289' title='bbox 1356 2170 1504 2204; x_wconf 90' lang='lat' dir='ltr'>Romani</span> <span class='ocrx_word' id='word_1_290' title='bbox 1538 2175 1675 2214; x_wconf 83' lang='lat' dir='ltr'>autem,</span> <span class='ocrx_word' id='word_1_291' title='bbox 1717 2182 1760 2204; x_wconf 86' lang='lat' dir='ltr'>ex</span> 
     </span>
     <span class='ocr_line' id='line_1_33' title="bbox 295 2211 1760 2262; baseline 0.003 -16"><span class='ocrx_word' id='word_1_292' title='bbox 295 2211 444 2246; x_wconf 85' lang='lat' dir='ltr'>ostentis</span> <span class='ocrx_word' id='word_1_293' title='bbox 476 2212 678 2257; x_wconf 89' lang='lat' dir='ltr'>quibusdam</span> <span class='ocrx_word' id='word_1_294' title='bbox 708 2214 857 2257; x_wconf 85' lang='lat' dir='ltr'>illustris</span> <span class='ocrx_word' id='word_1_295' title='bbox 891 2215 1064 2249; x_wconf 84' lang='lat' dir='ltr'>victoriae</span> <span class='ocrx_word' id='word_1_296' title='bbox 1094 2228 1156 2261; x_wconf 87' lang='lat' dir='ltr'>spe</span> <span class='ocrx_word' id='word_1_297' title='bbox 1180 2221 1369 2262; x_wconf 84' lang='lat' dir='ltr'>concepta,</span> <span class='ocrx_word' id='word_1_298' title='bbox 1399 2216 1557 2262; x_wconf 81' lang='lat' dir='ltr'>legiones·</span> <span class='ocrx_word' id='word_1_299' title='bbox 1576 2217 1760 2250; x_wconf 83' lang='lat' dir='ltr'>Africanas</span> 
     </span>
     <span class='ocr_line' id='line_1_34' title="bbox 295 2258 1761 2307; baseline 0.003 -15"><span class='ocrx_word' id='word_1_300' title='bbox 295 2263 333 2292; x_wconf 87' lang='lat' dir='ltr'>et</span> <span class='ocrx_word' id='word_1_301' title='bbox 365 2268 476 2291; x_wconf 90' lang='lat' dir='ltr'>novos</span> <span class='ocrx_word' id='word_1_302' title='bbox 510 2258 648 2293; x_wconf 87' lang='lat' dir='ltr'>militum</span> <span class='ocrx_word' id='word_1_303' title='bbox 682 2260 840 2294; x_wconf 89' lang='lat' dir='ltr'>delectus</span> <span class='ocrx_word' id='word_1_304' title='bbox 873 2266 958 2306; x_wconf 87' lang='lat' dir='ltr'>quot</span> <span class='ocrx_word' id='word_1_305' title='bbox 988 2262 1097 2295; x_wconf 82' lang='lat' dir='ltr'>vellet</span> <span class='ocrx_word' id='word_1_306' title='bbox 1126 2262 1284 2307; x_wconf 86' lang='lat' dir='ltr'>Scipioni</span> <span class='ocrx_word' id='word_1_307' title='bbox 1317 2262 1557 2296; x_wconf 76' lang='lat' dir='ltr'>decreverunt·</span> <span class='ocrx_word' id='word_1_308' title='bbox 1604 2273 1647 2296; x_wconf 87' lang='lat' dir='ltr'>ex</span> <span class='ocrx_word' id='word_1_309' title='bbox 1677 2273 1761 2296; x_wconf 88' lang='lat' dir='ltr'>con-</span> 
     </span>
     <span class='ocr_line' id='line_1_35' title="bbox 294 2303 1760 2354; baseline 0.003 -17"><span class='ocrx_word' id='word_1_310' title='bbox 294 2303 426 2337; x_wconf 83' lang='lat' dir='ltr'>sulibus</span> <span class='ocrx_word' id='word_1_311' title='bbox 462 2315 547 2338; x_wconf 85' lang='lat' dir='ltr'>vero</span> <span class='ocrx_word' id='word_1_312' title='bbox 582 2305 633 2340; x_wconf 90' lang='lat' dir='ltr'>M.</span> <span class='ocrx_word' id='word_1_313' title='bbox 667 2306 861 2350; x_wconf 83' lang='lat' dir='ltr'>Cethegum</span> <span class='ocrx_word' id='word_1_314' title='bbox 893 2307 1053 2352; x_wconf 81' lang='lat' dir='ltr'>Magoni,</span> <span class='ocrx_word' id='word_1_315' title='bbox 1088 2307 1130 2342; x_wconf 87' lang='lat' dir='ltr'>P.</span> <span class='ocrx_word' id='word_1_316' title='bbox 1161 2307 1400 2353; x_wconf 87' lang='lat' dir='ltr'>Sempronium</span> <span class='ocrx_word' id='word_1_317' title='bbox 1429 2307 1619 2342; x_wconf 77' lang='lat' dir='ltr'>Hannibali</span> <span class='ocrx_word' id='word_1_318' title='bbox 1652 2306 1760 2354; x_wconf 78' lang='lat' dir='ltr'>oppo-</span> 
     </span>
     <span class='ocr_line' id='line_1_36' title="bbox 295 2352 1123 2389; baseline 0.002 -5"><span class='ocrx_word' id='word_1_319' title='bbox 295 2352 454 2384; x_wconf 86' lang='lat' dir='ltr'>suerunt.</span> <span class='ocrx_word' id='word_1_320' title='bbox 1115 2383 1123 2389; x_wconf 71' lang='grc'><strong><em>,</em></strong></span> 
     </span>
    </p>

    <p class='ocr_par' dir='ltr' id='par_1_9' title="bbox 293 2394 1761 2809">
     <span class='ocr_line' id='line_1_37' title="bbox 432 2394 1761 2440; baseline 0.004 -13"><span class='ocrx_word' id='word_1_321' title='bbox 432 2394 485 2428; x_wconf 81' lang='lat'>12.</span> <span class='ocrx_word' id='word_1_322' title='bbox 534 2394 842 2440; x_wconf 82' lang='lat' dir='ltr'>Carthaginienses</span> <span class='ocrx_word' id='word_1_323' title='bbox 874 2401 987 2432; x_wconf 86' lang='lat' dir='ltr'>autem</span> <span class='ocrx_word' id='word_1_324' title='bbox 1021 2401 1210 2432; x_wconf 81' lang='lat' dir='ltr'>metuentes</span> <span class='ocrx_word' id='word_1_325' title='bbox 1245 2410 1289 2432; x_wconf 91' lang='lat' dir='ltr'>ne</span> <span class='ocrx_word' id='word_1_326' title='bbox 1313 2410 1351 2433; x_wconf 83' lang='lat' dir='ltr'>se</span> <span class='ocrx_word' id='word_1_327' title='bbox 1374 2398 1561 2433; x_wconf 80' lang='lat' dir='ltr'>Masinissa</span> <span class='ocrx_word' id='word_1_328' title='bbox 1583 2409 1659 2433; x_wconf 87' lang='lat' dir='ltr'>cum</span> <span class='ocrx_word' id='word_1_329' title='bbox 1683 2398 1761 2432; x_wconf 89' lang='lat' dir='ltr'>Sci-</span> 
     </span>
     <span class='ocr_line' id='line_1_38' title="bbox 293 2440 1760 2489; baseline 0.003 -16"><span class='ocrx_word' id='word_1_330' title='bbox 293 2440 397 2485; x_wconf 89' lang='lat' dir='ltr'>pione</span> <span class='ocrx_word' id='word_1_331' title='bbox 420 2440 665 2485; x_wconf 82' lang='lat' dir='ltr'>coniungeret,</span> <span class='ocrx_word' id='word_1_332' title='bbox 698 2443 854 2488; x_wconf 88' lang='lat' dir='ltr'>Syphaci</span> <span class='ocrx_word' id='word_1_333' title='bbox 877 2449 1125 2488; x_wconf 81' lang='lat' dir='ltr'>persuaserunt</span> <span class='ocrx_word' id='word_1_334' title='bbox 1149 2451 1188 2478; x_wconf 92' lang='lat' dir='ltr'>ut</span> <span class='ocrx_word' id='word_1_335' title='bbox 1209 2443 1260 2478; x_wconf 92' lang='lat' dir='ltr'>illi</span> <span class='ocrx_word' id='word_1_336' title='bbox 1287 2444 1519 2489; x_wconf 87' lang='lat' dir='ltr'>principatum</span> <span class='ocrx_word' id='word_1_337' title='bbox 1543 2445 1760 2487; x_wconf 86' lang='lat' dir='ltr'>restitueret,</span> 
     </span>
     <span class='ocr_line' id='line_1_39' title="bbox 293 2487 1761 2534; baseline 0.001 -14"><span class='ocrx_word' id='word_1_338' title='bbox 293 2487 396 2520; x_wconf 82' lang='lat' dir='ltr'>facile</span> <span class='ocrx_word' id='word_1_339' title='bbox 421 2487 562 2520; x_wconf 89' lang='lat' dir='ltr'>eundem</span> <span class='ocrx_word' id='word_1_340' title='bbox 586 2493 806 2533; x_wconf 89' lang='lat' dir='ltr'>recepturus.</span> <span class='ocrx_word' id='word_1_341' title='bbox 854 2489 1039 2524; x_wconf 81' lang='lat' dir='ltr'>Masinissa</span> <span class='ocrx_word' id='word_1_342' title='bbox 1063 2489 1219 2523; x_wconf 84' lang='lat' dir='ltr'>fraudem</span> <span class='ocrx_word' id='word_1_343' title='bbox 1252 2489 1469 2534; x_wconf 84' lang='lat' dir='ltr'>intelligens,</span> <span class='ocrx_word' id='word_1_344' title='bbox 1501 2489 1761 2524; x_wconf 84' lang='lat' dir='ltr'>reconciliatio-</span> 
     </span>
     <span class='ocr_line' id='line_1_40' title="bbox 295 2532 1756 2580; baseline 0.002 -15"><span class='ocrx_word' id='word_1_345' title='bbox 295 2544 370 2566; x_wconf 86' lang='lat' dir='ltr'>nem</span> <span class='ocrx_word' id='word_1_346' title='bbox 404 2532 482 2577; x_wconf 85' lang='lat' dir='ltr'>ipse</span> <span class='ocrx_word' id='word_1_347' title='bbox 516 2543 652 2577; x_wconf 89' lang='lat' dir='ltr'>quoque</span> <span class='ocrx_word' id='word_1_348' title='bbox 684 2534 874 2578; x_wconf 83' lang='lat' dir='ltr'>simulavit,</span> <span class='ocrx_word' id='word_1_349' title='bbox 903 2540 942 2570; x_wconf 86' lang='lat' dir='ltr'>ut</span> <span class='ocrx_word' id='word_1_350' title='bbox 973 2546 1032 2569; x_wconf 87' lang='lat' dir='ltr'>eos</span> <span class='ocrx_word' id='word_1_351' title='bbox 1066 2546 1189 2580; x_wconf 87' lang='lat' dir='ltr'>magna</span> <span class='ocrx_word' id='word_1_352' title='bbox 1219 2536 1317 2570; x_wconf 86' lang='lat' dir='ltr'>clade</span> <span class='ocrx_word' id='word_1_353' title='bbox 1341 2537 1518 2577; x_wconf 83' lang='lat' dir='ltr'>afficeret,</span> <span class='ocrx_word' id='word_1_354' title='bbox 1550 2536 1596 2568; x_wconf 87' lang='lat' dir='ltr'>ob</span> <span class='ocrx_word' id='word_1_355' title='bbox 1619 2533 1756 2579; x_wconf 85' lang='lat' dir='ltr'>Sopho-</span> 
     </span>
     <span class='ocr_line' id='line_1_41' title="bbox 294 2578 1757 2626; baseline 0.003 -16"><span class='ocrx_word' id='word_1_356' title='bbox 294 2578 427 2611; x_wconf 85' lang='lat' dir='ltr'>nisbam</span> <span class='ocrx_word' id='word_1_357' title='bbox 451 2589 552 2623; x_wconf 86' lang='lat' dir='ltr'>quam</span> <span class='ocrx_word' id='word_1_358' title='bbox 575 2584 719 2624; x_wconf 83' lang='lat' dir='ltr'>propter</span> <span class='ocrx_word' id='word_1_359' title='bbox 742 2581 974 2626; x_wconf 82' lang='lat' dir='ltr'>principatum</span> <span class='ocrx_word' id='word_1_360' title='bbox 999 2581 1157 2615; x_wconf 85' lang='lat' dir='ltr'>amissum</span> <span class='ocrx_word' id='word_1_361' title='bbox 1179 2581 1320 2616; x_wconf 82' lang='lat' dir='ltr'>iratior.</span> <span class='ocrx_word' id='word_1_362' title='bbox 1353 2582 1471 2625; x_wconf 81' lang='lat' dir='ltr'>itaque</span> <span class='ocrx_word' id='word_1_363' title='bbox 1493 2579 1658 2614; x_wconf 86' lang='lat' dir='ltr'>Romanis</span> <span class='ocrx_word' id='word_1_364' title='bbox 1681 2584 1757 2614; x_wconf 81' lang='lat' dir='ltr'>stu-</span> 
     </span>
     <span class='ocr_line' id='line_1_42' title="bbox 294 2623 1756 2672; baseline 0.002 -16"><span class='ocrx_word' id='word_1_365' title='bbox 294 2623 390 2667; x_wconf 86' lang='lat' dir='ltr'>duit,</span> <span class='ocrx_word' id='word_1_366' title='bbox 426 2623 580 2668; x_wconf 87' lang='lat' dir='ltr'>quamvis</span> <span class='ocrx_word' id='word_1_367' title='bbox 614 2636 653 2659; x_wconf 88' lang='lat' dir='ltr'>se</span> <span class='ocrx_word' id='word_1_368' title='bbox 683 2633 800 2671; x_wconf 79' lang='lat' dir='ltr'>partes</span> <span class='ocrx_word' id='word_1_369' title='bbox 827 2627 1166 2672; x_wconf 84' lang='lat' dir='ltr'>Carthaginiensium</span> <span class='ocrx_word' id='word_1_370' title='bbox 1195 2627 1317 2661; x_wconf 77' lang='lat' dir='ltr'>fovere</span> <span class='ocrx_word' id='word_1_371' title='bbox 1350 2626 1586 2671; x_wconf 81' lang='lat' dir='ltr'>profiteretur.</span> <span class='ocrx_word' id='word_1_372' title='bbox 1636 2630 1756 2660; x_wconf 83' lang='lat' dir='ltr'>contra</span> 
     </span>
     <span class='ocr_line' id='line_1_43' title="bbox 295 2669 1757 2716; baseline 0.002 -15"><span class='ocrx_word' id='word_1_373' title='bbox 295 2669 443 2714; x_wconf 81' lang='lat' dir='ltr'>Syphax</span> <span class='ocrx_word' id='word_1_374' title='bbox 466 2681 540 2703; x_wconf 92' lang='lat' dir='ltr'>cum</span> <span class='ocrx_word' id='word_1_375' title='bbox 565 2670 659 2705; x_wconf 82' lang='lat' dir='ltr'>Afris</span> <span class='ocrx_word' id='word_1_376' title='bbox 683 2673 870 2706; x_wconf 87' lang='lat' dir='ltr'>consultum</span> <span class='ocrx_word' id='word_1_377' title='bbox 893 2673 1011 2714; x_wconf 87' lang='lat' dir='ltr'>vellet,</span> <span class='ocrx_word' id='word_1_378' title='bbox 1035 2684 1074 2706; x_wconf 82' lang='lat' dir='ltr'>se</span> <span class='ocrx_word' id='word_1_379' title='bbox 1099 2673 1286 2706; x_wconf 84' lang='lat' dir='ltr'>Romanum</span> <span class='ocrx_word' id='word_1_380' title='bbox 1308 2671 1431 2705; x_wconf 77' lang='lat' dir='ltr'>foedus</span> <span class='ocrx_word' id='word_1_381' title='bbox 1454 2670 1570 2704; x_wconf 83' lang='lat' dir='ltr'>colere</span> <span class='ocrx_word' id='word_1_382' title='bbox 1594 2676 1757 2716; x_wconf 84' lang='lat' dir='ltr'>praeten-</span> 
     </span>
     <span class='ocr_line' id='line_1_44' title="bbox 294 2714 1757 2762; baseline 0.003 -16"><span class='ocrx_word' id='word_1_383' title='bbox 294 2714 411 2747; x_wconf 87' lang='lat' dir='ltr'>debat.</span> <span class='ocrx_word' id='word_1_384' title='bbox 460 2727 481 2749; x_wconf 90' lang='lat' dir='ltr'>a</span> <span class='ocrx_word' id='word_1_385' title='bbox 505 2727 572 2760; x_wconf 91' lang='lat' dir='ltr'>quo</span> <span class='ocrx_word' id='word_1_386' title='bbox 596 2717 718 2762; x_wconf 89' lang='lat' dir='ltr'>Scipio</span> <span class='ocrx_word' id='word_1_387' title='bbox 742 2718 936 2753; x_wconf 85' lang='lat' dir='ltr'>admonitus</span> <span class='ocrx_word' id='word_1_388' title='bbox 970 2730 1014 2752; x_wconf 87' lang='lat' dir='ltr'>ne</span> <span class='ocrx_word' id='word_1_389' title='bbox 1043 2717 1244 2760; x_wconf 82' lang='lat' dir='ltr'>traiiceret‚</span> <span class='ocrx_word' id='word_1_390' title='bbox 1282 2717 1513 2751; x_wconf 81' lang='lat' dir='ltr'>caduceatore</span> <span class='ocrx_word' id='word_1_391' title='bbox 1548 2716 1662 2750; x_wconf 80' lang='lat' dir='ltr'>eodem</span> <span class='ocrx_word' id='word_1_392' title='bbox 1699 2716 1757 2750; x_wconf 88' lang='lat' dir='ltr'>die</span> 
     </span>
     <span class='ocr_line' id='line_1_45' title="bbox 296 2759 1758 2809; baseline 0.003 -17"><span class='ocrx_word' id='word_1_393' title='bbox 296 2759 381 2794; x_wconf 88' lang='lat' dir='ltr'>clam</span> <span class='ocrx_word' id='word_1_394' title='bbox 404 2760 576 2805; x_wconf 83' lang='lat' dir='ltr'>ablegato,</span> <span class='ocrx_word' id='word_1_395' title='bbox 602 2767 641 2797; x_wconf 88' lang='lat' dir='ltr'>ut</span> <span class='ocrx_word' id='word_1_396' title='bbox 664 2775 739 2798; x_wconf 90' lang='lat' dir='ltr'>cum</span> <span class='ocrx_word' id='word_1_397' title='bbox 763 2764 896 2799; x_wconf 87' lang='lat' dir='ltr'>nemine</span> <span class='ocrx_word' id='word_1_398' title='bbox 919 2763 1067 2809; x_wconf 87' lang='lat' dir='ltr'>colloqui</span> <span class='ocrx_word' id='word_1_399' title='bbox 1091 2768 1219 2809; x_wconf 84' lang='lat' dir='ltr'>posset,</span> <span class='ocrx_word' id='word_1_400' title='bbox 1242 2773 1284 2797; x_wconf 91' lang='lat' dir='ltr'>ne</span> <span class='ocrx_word' id='word_1_401' title='bbox 1308 2762 1344 2797; x_wconf 89' lang='lat' dir='ltr'>id</span> <span class='ocrx_word' id='word_1_402' title='bbox 1367 2762 1595 2797; x_wconf 85' lang='lat' dir='ltr'>resciscerent</span> <span class='ocrx_word' id='word_1_403' title='bbox 1617 2762 1758 2806; x_wconf 74' lang='lat' dir='ltr'>milites,</span> 
     </span>
    </p>
   </div>
  </div>
 </body>
</html>
