1820 3120
250 99 350 146 568
718 64 954 145 lomus
971 101 1242 146 ‘zemma

247 215 316 257 καὶ
337 212 445 268 ἔλεγε
469 213 538 255 διὰ
561 210 680 260 τοῦτο
703 217 834 270 γῆμαι
855 213 930 269 τὴν
951 218 1026 269 τῆς
1039 212 1203 266 Ἑστίας
1226 209 1481 272 ἶέρειωὸ,,ἰ-”ι’ν’
1502 217 1718 271 ἒξέἐκείνου,

247 281 466 338 ἀρχιερέως
487 280 603 332 ι’)’ντος
623 282 698 325 τοῦ
713 280 1017 338 Ἐλεαγαβάλου
1040 284 1108 325 καὶ
1131 287 1205 338 τῆς
1229 283 1374 341 ἱερείας
1401 284 1720 340 sturmi-naz-

247 351 314 400 ὁες
336 354 588 406 θεοπρεπεῖς.
656 352 725 393 καὶ
757 350 806 394 οὗ
835 348 961 406 μόνον
991 351 1250 408 βαρβαρικὰς
1279 350 1719 412 ᾠδὰς-ἅμαυέῇψγμρὶ

248 419 316 460 καὶ
348 422 400 474 τῇ
429 417 539 475 τήθῃ
569 423 626 477 τῷ
660 419 758 477 ξένῳ
782 423 869 477 θεῷ
892 420 1018 469 αὐτοῦ
1041 414 1136 477 ᾖδε,
1170 422 1237 462 καὶ
1260 419 1717 479 ἂπορρήτουςῖπῃοῇγε

243 489 419 537 θυσίας,
454 488 604 537 παῖδας
635 487 968 545 σφαγιάζωνκαὶ
998 487 1243 544 γοητεύμασι
1268 487 1753 547 χρώμενος.ικωὶῗπόρι-5

243 553 386 604 άπτοις
407 556 567 611 μυρίοις
589 554 778 599 ἑκάστοτε
790 588 803 607 ,
838 556 943 599 ἀλλὰ
967 558 1036 599 καὶ
1059 563 1228 613 γυναῖκα
1250 562 1309 616 τῷ
1330 557 1722 617 θεῷ’ᾳῧτοῦε-ὲκείνῳ

242 621 505 677 ἐμνήστευσεν
530 622 585 673 ὡς
607 626 674 666 καὶ
699 626 854 667 παίδων
877 626 1074 682 δεομένῳ,
1109 627 1177 668 καὶ
1199 626 1272 680 τὴν
1293 626 1538 682 γυναῖκαιές
1567 626 1719 677 fanu*

190 695 222 729 D
246 690 387 734 λάτιον
409 691 716 748 καθιδρύσατο,
750 695 817 735 καὶ
852 694 946 735 ἕδνα
981 694 1084 751 αὐτῇ
1117 695 1160 736 ἐκ
1191 698 1271 738 τῶν
1293 692 1486 749 ὖπηκόων-
1503 692 1720 752 ἐπράξατο.

243 760 366 810 αὐτὸς
390 762 434 802 δὲ
458 761 730 816 ἀσελγέστατα
753 763 903 815 διεβίω.
974 763 1067 804 ἀλλ’
1103 762 1272 806 ἕκαστον
1302 767 1383 806 τῶν
1415 764 1720 813 ἓκείνουεκατα-

242 833 407 885 ριθμεῖν
430 831 496 871 καὶ
520 836 604 880 τοῖς
626 830 785 885 λέγουσι
807 832 875 873 καὶ
898 837 983 881 τοῖς
1003 829 1220 874 ἀκούουσιν
1241 831 1510 887 ἀηδέστατον·Δ
1524 830 1718 889 »εἰρήσθω
1727 837 1776 875 ‚lo

241 897 285 938 δ’
326 897 441 952 ὀλίγα
476 896 578 940 τινά.
647 898 688 949 ἒς
723 903 920 954 καπηλεῖα
956 899 1099 950 νυκτὸς
1135 898 1278 957 εἰσῄει,
1321 898 1452 955 κόμας
1482 900 1720 958 περιᾷέτους

239 963 473 1022 περιάπτων
503 970 554 1023 τῇ
585 971 764 1024 κεφαλῇ,
801 969 869 1010 καὶ
904 974 993 1018 ταῖς
1024 970 1220 1023 μκαπηλίσι
1255 966 1616 1024 συνεξητάζετόιτε
1644 970 1718 1012 καὶ

239 1033 530 1090 συνειργάζετο.
601 1037 668 1077 καὶ
706 1039 762 1087 εἷς
796 1036 848 1078 τὰ
879 1035 1102 1093 περιβόητα
1135 1041 1216 1080 τῶν
1247 1038 1442 1095 πορνείων
1472 1037 1617 1094 ’ἐφοίτα
1649 1038 1718 1080 καὶ

237 1102 313 1152 τὰς
335 1102 498 1159 ἑταίρας
520 1101 740 1154 ἐξελαύνων
763 1102 962 1162 ἐπόρνευε.
1030 1107 1098 1147 καὶ
1131 1107 1172 1148 ἓν
1200 1111 1258 1164 τῷ
1289 1106 1472 1163 παλατίῳ
1505 1104 1654 1160 οἴκημά
1677 1123 1717 1149 τι

238 1170 446 1222 ἀποτάξας
454 1204 466 1223 ,
502 1170 653 1227 γυμνός
686 1189 728 1215 τε
765 1174 826 1215 ἐπὶ
851 1173 926 1223 τὰς
950 1171 1086 1230 θύρας
1107 1172 1251 1217 τούτου
1277 1172 1403 1226 ἑστὼς
1425 1171 1480 1224 ὥς
1503 1172 1716 1232 αἱππόρναι
1727 1179 1773 1216 1⁵

237 1241 304 1281 καὶ
327 1240 373 1282 τὸ
398 1239 598 1283 σινδόνιον
622 1242 822 1293 διασείων,
857 1241 1093 1297 γυναικώδει
1124 1244 1192 1284 καὶ
1224 1240 1336 1302 ἆβρᾷ
1369 1243 1437 1285 καὶ
1469 1242 1716 1299 κεκλασμένῃ

53 1315 81 1348 Ρ
106 1314 122 1349 1
146 1315 214 1353 617
239 1313 356 1365 φωνῇ
378 1309 474 1358 τοὺς
497 1307 716 1366 παριόντας
738 1312 1092 1367 προσηταιρίζετο,
1125 1309 1318 1367 χρήματά
1342 1328 1383 1354 τε
1407 1311 1713 1367 συνέλεγε.παρ’

238 1377 385 1419 αὐτῶν.
415 1379 483 1419 καὶ
507 1377 609 1433 πρὸς
631 1378 726 1428 τοὺς
750 1384 1157 1434 συνασχημονοῦντας
1179 1380 1290 1438 αὐτῷ
1314 1379 1534 1436 διεφέρετο,
1557 1380 1718 1429 πλείους

238 1445 372 1488 αὐτῶν
395 1446 568 1502 ἐραστὰς
591 1445 692 1499 ἔχειν
716 1447 852 1500 αὐχῶν
874 1450 941 1489 καὶ
964 1451 1120 1506 μᾶλλον
1144 1448 1277 1491 αὐτῶν
1301 1448 1604 1505 ἀργυρίζεσθαι.
1646 1449 1716 1490 καὶ

236 1513 313 1567 οὐχ
338 1512 443 1557 οὕτω
466 1513 590 1568 μόνον
622 1514 866 1569 ἠσέλγαινεν,
901 1514 1176 1572 ῆρματηλάτει
1208 1533 1249 1560 τε
1283 1518 1349 1559 καὶ
1382 1517 1572 1573 ὠρχεῖτο,
1608 1515 1771 1559 ἀλλὰ20

236 1584 301 1624 καὶ
327 1582 457 1640 ἄνδρα
482 1589 591 1636 σχεῖν
614 1582 761 1637 ἤθελεν
785 1584 854 1626 ἕνα
879 1583 1013 1642 ὥσπερ
1037 1585 1214 1641 γαμέτην
1238 1582 1288 1640 δή
1313 1602 1403 1627 τινα
1425 1583 1610 1640 νόμιμον,
1645 1586 1714 1627 καὶ

326 1724 350 1758 2
375 1718 625 1769 ἑλεαγαβοέλου
650 1725 733 1766 ΒΟ,
766 1720 1033 1770 Ελεογαβοὲλου
1053 1724 1147 1760 PW.
1307 1724 1441 1765 παῖδες
1463 1721 1641 1770 γένωνται
1665 1726 1711 1760 A.

324 1769 348 1803 3
371 1767 436 1802 καὶ
461 1766 506 1803 οὐ
527 1767 659 1815 μόνον]
688 1767 734 1805 οὐ
757 1768 876 1815 μόνον
898 1768 940 1804 δὲ
963 1771 1007 1805 Α.
1172 1769 1216 1806 16
1241 1768 1462 1814 γυναικώδει
1484 1771 1558 1814 ΑΟ,
1584 1782 1711 1827 γυναι-

324 1811 426 1859 κώδη
451 1815 540 1852 PW.
605 1816 671 1851 καὶ
695 1817 844 1851 alterum
866 1828 920 1851 om
945 1817 988 1852 A.
1039 1816 1101 1852 .19
1122 1812 1238 1851 αὐτὸν
1253 1813 1382 1862 ἄργυρ.
1399 1818 1442 1852 Α.
1505 1818 1550 1853 21
1573 1814 1713 1862 ηθέλη-

325 1871 388 1895 σεν
411 1861 455 1906 Α,
479 1857 655 1908 ἕθέλησεν
678 1863 721 1900 Β.
1476 1886 1479 1889 v

234 1984 402 2029 religione
435 1996 499 2030 per
530 1997 692 2022 summam
727 1985 974 2033 impudentiam
1013 1986 1166 2021 violata:
1214 1997 1315 2031 quam
1346 1986 1428 2021 ideo
1462 1998 1500 2021 se
1531 1985 1711 2032 accepisse

232 2031 388 2074 ferebat,
423 2036 461 2065 ut
493 2044 537 2066 ex
569 2034 766 2068 sacrificula
798 2038 835 2067 et
858 2045 897 2067 se
921 2033 1115 2066 sacrificulo
1140 2031 1362 2077 Eleagabali,
1394 2033 1497 2079 pueri
1519 2032 1632 2066 divini
1655 2033 1711 2077 gi-

230 2082 436 2120 gnerentur.
486 2089 598 2124 neque
633 2091 719 2114 vero
736 2094 737 2097 ¹
757 2079 958 2113 barbaricas
990 2079 1162 2112 duntaxat
1192 2079 1383 2112 cantilenas
1417 2089 1493 2112 cnm
1529 2083 1639 2112 matre
1673 2082 1711 2113 et

231 2123 315 2156 avia
338 2122 523 2168 peregrino
548 2126 614 2159 deo
639 2126 822 2168 cantabat,
842 2129 884 2159 et
906 2124 1076 2158 nefandas
1101 2124 1234 2158 hostias
1257 2123 1470 2167 immolabat,
1500 2135 1629 2169 pueros
1653 2135 1711 2158 sa-

231 2168 420 2202 crificando
444 2174 479 2203 et
500 2171 705 2216 praestigiis
730 2172 860 2205 utendo
887 2175 923 2204 et
949 2174 1112 2204 sexcenta
1135 2170 1284 2204 amuleta
1304 2169 1450 2204 subinde
1465 2170 1708 2214 appendendo,

231 2214 293 2248 sed
319 2226 460 2248 uxorem
487 2217 591 2251 etiam
615 2217 680 2251 deo
704 2217 754 2250 illi
778 2228 841 2250 suo
865 2222 1029 2260 tanquam
1061 2215 1180 2250 liberis
1213 2215 1330 2260 egenti
1363 2215 1569 2262 despondit,
1605 2226 1708 2260 quam

229 2259 266 2293 in
289 2261 422 2304 palatio
447 2261 649 2305 collocavit,
685 2262 767 2296 dote
798 2274 818 2296 a
850 2263 999 2296 subditis
1024 2268 1159 2296 exacta.
1206 2261 1317 2307 ipsius
1341 2263 1424 2295 vero
1449 2266 1519 2294 tam
1541 2265 1710 2306 corrupta

229 2305 301 2340 fuit
336 2307 430 2350 vita,
466 2312 505 2341 ut
535 2308 671 2352 singula
706 2319 820 2352 neque
852 2308 1110 2342 commemorari
1145 2319 1259 2352 neque
1294 2306 1406 2341 audiri
1438 2307 1514 2340 sine
1549 2306 1709 2341 molestia

231 2363 362 2386 summa
387 2353 534 2397 possint.
582 2366 696 2399 pauca
727 2359 843 2388 tamen
874 2354 1114 2388 delibabimus.
1161 2357 1264 2387 noctu
1288 2363 1462 2398 cauponas
1483 2352 1708 2396 ingredieba-

230 2402 307 2441 tur,
346 2398 464 2442 capite
499 2400 704 2445 apposititia
735 2411 834 2434 coma
869 2399 1047 2442 redimito,
1081 2404 1118 2434 et
1150 2399 1242 2433 inter
1270 2397 1459 2444 caupouias
1489 2398 1705 2433 mulierculas

230 2455 356 2487 operas
379 2444 555 2488 faciebat,
589 2446 792 2490 famosaque
816 2446 1008 2491 prostibula
1032 2445 1279 2490 frequentabat
1313 2450 1349 2478 et
1381 2444 1614 2478 meretriculis
1643 2455 1705 2478 ex-

229 2486 343 2533 pulsis
377 2501 443 2535 pro
476 2491 660 2525 meretrice
692 2491 873 2535 quibusvis
906 2492 961 2524 sui
983 2491 1118 2536 copiam
1143 2490 1305 2524 faciebat.
1351 2489 1388 2523 in
1411 2489 1542 2534 palatio
1566 2501 1705 2534 quoque

228 2535 407 2578 peculiare
431 2538 598 2571 conclave
621 2537 752 2580 habuit,
781 2537 877 2570 cuius
901 2547 964 2582 pro
990 2536 1122 2570 foribus
1146 2537 1257 2570 instar
1279 2536 1577 2569 meretricularum
1591 2537 1705 2570 nudus

228 2584 326 2614 stans
353 2586 390 2615 et
412 2582 604 2617 flammeum
628 2583 782 2626 vibrans,
809 2583 1022 2625 effeminata,
1046 2582 1136 2616 molli
1159 2582 1340 2625 fractaque
1365 2594 1453 2616 voce
1476 2586 1705 2627 praetereun—

228 2631 284 2659 tes
316 2627 359 2660 ad
391 2628 520 2662 coitum
554 2628 742 2671 invitabat,
779 2633 816 2662 et
848 2628 1031 2673 pecuniam
1063 2629 1107 2662 ab
1140 2627 1191 2660 eis
1225 2627 1400 2671 exigebat.
1448 2639 1525 2661 cum
1550 2627 1705 2661 eiusdem

229 2682 315 2704 vero
340 2678 508 2716 quaestus
534 2674 677 2708 aemulis
701 2675 901 2718 rixabatur,
939 2678 975 2707 et
1002 2685 1041 2708 se
1072 2673 1189 2718 plures
1222 2684 1323 2718 quam
1348 2673 1424 2707 illos
1449 2677 1619 2707 amatores
1642 2672 1704 2708 ha·

228 2717 313 2750 bere
348 2719 580 2764 maioremque
613 2720 794 2765 pecuniam
836 2719 998 2764 colligere
1040 2719 1268 2763 gloriabatur.
1295 2731 1430 2765 neque
1469 2719 1523 2753 bis
1559 2718 1705 2762 flagitiis

227 2766 412 2799 contentus
438 2765 643 2811 aurigabat,
670 2765 834 2809 saltabat,
859 2767 992 2801 nubere
1013 2766 1120 2799 etiam
1145 2765 1305 2810 volebat,
1330 2770 1369 2800 ut
1393 2776 1495 2800 unum
1517 2764 1705 2810 legitimum
