1786 3120
170 118 270 164 646
795 117 1003 160 ΝΟΤΑΕ.

162 227 474 282 frumentarium
522 225 726 276 describit,
767 230 810 264 ut
848 226 1026 265 obserizat
1065 225 1328 264 Casaubonus.
1386 226 1471 266 vide
1511 226 1645 266 Gloss.

171 286 271 326 med.
300 283 388 322 Lat.
444 282 544 320 Duc.
1338 293 1339 296 ’

283 353 322 390 Ρ.
350 339 432 379 608
461 350 496 375 v
518 338 558 377 3.
611 338 751 390 μηνῶν
789 332 948 392 ὀλίγων]
988 339 1064 377 sic
1074 351 1166 377 mss.
1208 337 1366 376 “minua
1392 337 1647 390 paucisdie-

174 390 270 434 bus⁹³
298 396 500 445 Vopiscus.
555 393 655 432 Duc.
1395 406 1400 411 ·
1471 397 1475 400 ’
1559 390 1573 417 ’·’

127 498 131 502 “
285 464 324 502 p.
355 451 439 491 608
468 462 504 487 v.
534 451 572 489 7.
634 445 679 489 vd
710 446 1007 500 στρατιωτικὸν]
1053 451 1158 500 atqui
1187 450 1347 489 Tacitus
1382 451 1589 501 imperator
1623 461 1649 489 a

174 511 309 546 senatu
328 506 484 555 electus,
516 517 595 543 non
619 518 641 543 a
661 505 862 555 militibus,
901 510 942 544 ut
971 506 1101 545 scribit
1130 507 1335 558 Vopiscus:
1365 519 1488 557 neque
1517 518 1649 545 eorum

173 564 362 602 sententia
387 562 583 612 requisita,
613 562 764 600 tametsi
801 563 1018 612 praefectus
1055 563 1159 601 urbis
1189 563 1315 602 Aelius
1349 563 1577 602 Caesianus
1592 562 1650 600 sic

174 620 378 659 exercitum
407 623 467 656 est
495 618 679 656 allocutus
710 619 748 655 in
777 631 910 669 campo
930 618 1119 675 Martio“
1119 633 1188 657 vos
1216 620 1460 659 sanctissimi
1486 617 1650 664 milites,

175 683 212 713 et
239 675 500 713 sacratissimi
527 688 595 711 vos
626 674 815 724 Quirites,
844 674 999 712 habetis
1018 677 1246 727 principem
1275 689 1391 727 quem
1420 675 1468 713 de
1492 681 1650 713 senten-

175 734 233 769 tia
259 732 436 770 omnium
466 744 554 767 exer
555 732 705 768 situum
734 738 895 769 senatus
924 732 1058 784 elegit,
1097 733 1278 770 Tacitum
1307 732 1414 777 dico,
1444 732 1650 784 augustis-

173 790 320 826 simum
349 784 503 825 vimnff’
532 792 604 825 etc.
659 786 762 825 Duc.

287 858 326 895 Ρ.
357 845 440 884 610
468 857 504 881 v
537 845 603 884 20.
651 858 746 890 τους
785 843 958 891 οἰκείους
998 841 1129 895 υἷοῦς]
1171 844 1292 882 hinc
1283 857 1322 881 ιιι
1350 843 1478 895 legum
1506 842 1652 894 aliquot

176 901 266 939 Cari
289 899 594 950 inscriptionibus
607 898 762 950 ‘lepp
790 901 916 939 Carus
940 901 1111 938 Carinas
1128 907 1164 937 et
1178 901 1454 938 Numerianus
1468 894 1648 937 AAA’·

176 957 276 1007 quod
308 957 548 994 observatum
573 969 595 993 a
625 956 869 1006 Casaubono,
908 957 970 1007 qui
997 958 1038 995 id
1067 958 1259 995 Zonaram
1292 969 1315 995 a
1336 957 1458 1008 probo
1487 956 1652 1007 quodam

175 1018 333 1051 auctore
359 1013 554 1063 accepisse
581 1012 782 1050 existimat.
843 1013 942 1052 Duc.

289 1082 327 1120 p.
359 1069 439 1109 611
470 1081 507 1106 v.
538 1070 578 1109 8.
640 1067 832 1119 Γαλάτης]
862 1069 902 1106 id
931 1072 989 1108 est
1025 1068 1200 1115 Gallus,
1240 1069 1360 1119 inquit
1400 1067 1649 1107 Casaubonus

175 1127 225 1163 ad
253 1125 458 1175 Vopiscum
484 1125 523 1161 in
553 1125 667 1174 Caro,
698 1125 763 1175 qui
789 1125 888 1162 illius
918 1126 1077 1176 patriam
1116 1126 1300 1164 incertam
1338 1126 1458 1163 fuisse
1496 1125 1572 1174 ait,
1611 1127 1652 1163 et

70 1187 152 1224 P27
176 1181 321 1221 Romae
350 1186 480 1219 natum
507 1181 626 1219 videri
655 1181 747 1218 vult.
781 1184 821 1218 at
848 1186 1007 1232 uterque.
1035 1182 1167 1220 Victor
1195 1184 1233 1220 et
1262 1182 1443 1220 Sidonius
1456 1180 1651 1220 “Narbone

176 1239 345 1289 genitum
375 1237 557 1275 scribunt.
613 1238 779 1276 Wolfius
807 1238 961 1275 Galata
988 1243 1166 1276 verterat.
1223 1237 1322 1277 Duc.

287 1308 325 1345 p-
358 1294 439 1334 615
464 1306 500 1331 v.
530 1295 570 1334 3.
629 1289 887 1345 Κώνσταντα]
914 1296 966 1333 ita
993 1296 1165 1332 Zonaras
1188 1294 1440 1331 Constantem
1467 1296 1652 1343 perpetuo

175 1353 302 1399 vocat,
334 1362 446 1399 quem
476 1350 535 1386 alii
565 1349 849 1391 Constantium:
879 1351 1195 1401 quemadmodum
1235 1351 1348 1388 etiam
1380 1349 1652 1387 Constantinus

175 1406 526 1457 Porphyrogenitus
566 1406 629 1443 lib.
671 1407 719 1444 de
761 1408 862 1444 adm.
910 1408 1002 1459 imp.
1046 1420 1128 1459 cap.
1170 1407 1253 1456 ult„
1292 1409 1333 1445 et
1376 1405 1538 1444 Menaea
1562 1404 1655 1444 XXI

178 1462 280 1500 Maii.
329 1462 432 1499 Duc.

290 1531 328 1568 P.
359 1517 440 1557 615
470 1529 506 1553 V·
536 1518 603 1558 12.
652 1521 777 1557 τινῶν
816 1519 1054 1571 Γεντιαναῖν]
1095 1520 1180 1557 vide
1219 1519 1454 1570 Scaligerum
1489 1517 1538 1555 ad
1574 1515 1653 1554 Eu-

178 1573 325 1612 sebium
353 1587 392 1623 p.
418 1571 514 1622 243,
547 1574 570 1614 2
600 1573 691 1624 edit.
719 1573 821 1611 Duc.

291 1643 329 1679 p.
361 1630 444 1669 617
469 1641 504 1665 v.
527 1629 565 1667 9.
622 1624 722 1668 οἷλλᾶ
757 1630 1089 1681 προσκυνεῖσθαι]
1115 1631 1154 1667 id
1181 1631 1308 1680 ipsum
1330 1633 1488 1668 narrant
1510 1629 1652 1667 Eutro-

176 1687 262 1737 pius
285 1686 408 1736 (cuius
445 1684 694 1733 interpretem
729 1683 934 1724 Paeanium
965 1686 1025 1723 hic
1061 1686 1280 1736 exscripsit,
1318 1690 1359 1723 ut
1396 1685 1484 1723 alibi
1523 1697 1654 1735 saepe,

178 1741 394 1793 Zonaras),
435 1740 609 1778 Aurelius
645 1739 777 1779 Victor
814 1747 851 1780 et
878 1741 1068 1780 Eusebius
1098 1743 1137 1789 in
1167 1742 1376 1780 Chronico:
1414 1745 1528 1791 atque
1556 1741 1653 1779 adeo

177 1798 395 1836 Ammianus
422 1797 487 1834 lib.
517 1797 569 1839 15
603 1795 805 1835 “omnium
839 1800 997 1848 primas
1019 1805 1144 1838 extero
1167 1799 1250 1835 ritu.
1271 1805 1307 1834 et
1327 1798 1435 1849 regio
1457 1809 1566 1842 *more
1589 1797 1655 1833 in-

177 1855 306 1892 stituit
334 1853 515 1898 adorari,
543 1867 632 1890 Clhm
664 1868 815 1904 semper
842 1862 961 1892 antea
989 1854 1047 1892 ad
1068 1855 1370 1892 similitudinem
1388 1853 1567 1891 iudicum
1589 1865 1656 1890 sa-

180 1911 328 1948 lutatos
359 1911 561 1960 principes
591 1906 839 1961 legerimus.''
886 1910 988 1950 Duc.
1064 1912 1112 1950 cf.
1142 1911 1229 1950 Τ.Ι
1256 1910 1422 1949 Praefat.
1452 1922 1540 1961 pag.
1570 1909 1653 1949 XV.

293 1980 330 2018 p.
361 1968 444 2007 618
465 1980 498 2004 v.
530 1968 567 2007 2.
625 1964 719 2014 τούς
738 1965 782 2007 δὲ
806 1962 926 2019 τύχης
951 1964 1168 2018 ἰδιώτιδος]
1190 1968 1378 2005 Eusebius
1403 1966 1468 2007 lib.
1484 1967 1608 2017 Scap.
1629 1967 1653 2007 2

178 2020 274 2072 τούς
302 2020 346 2062 δὲ
376 2022 418 2062 ἐν
450 2022 636 2070 οἰκετίαις
661 2023 893 2075 ἐλευθερίας
923 2027 1164 2076 στερεῖσθαι.
1221 2023 1322 2062 Duc.

289 2093 326 2129 p-
372 2080 453 2119 618
493 2093 529 2116 v·
565 2081 629 2119 11.
700 2079 743 2120 ἐν
786 2080 1049 2135 Νικομηδεία]
1089 2080 1152 2118 ubi
1188 2079 1330 2131 palatia
1368 2080 1656 2116 construxerant

178 2138 426 2199 imperatores
455 2139 544 2172 ante
559 2135 850 2185 Diocletianum,
872 2141 915 2174 ut
930 2137 1068 2174 indicat
1093 2137 1272 2174 Socrates
1301 2135 1364 2173 lib.
1391 2137 1413 2175 1
1440 2134 1543 2172 Hist.
1564 2131 1654 2171 eccl.

180 2205 262 2242 cap.
295 2193 333 2231 6.
364 2185 450 2229 vide
481 2196 648 2229 nostram
680 2192 1051 2242 Constantinopolim
1076 2192 1141 2229 lib.
1162 2189 1189 2231 4
1218 2195 1311 2230 sect.
1337 2191 1389 2231 13
1418 2204 1456 2228 n.
1487 2186 1524 2228 4.
1554 2188 1655 2226 aliud

177 2248 357 2299 palatium
402 2252 600 2298 praeterea
638 2249 886 2287 Nicomediae
930 2249 1141 2286 aedificavit
1180 2249 1454 2285 Constantinus
1491 2244 1655 2283 Heraclii

178 2305 289 2344 filius.
328 2304 591 2354 Niceph.CP.
649 2303 750 2342 Duc.

290 2373 330 2410 p-
362 2362 442 2401 621
475 2373 510 2397 v.
545 2362 608 2399 16.
668 2359 688 2400 ὅ
717 2358 789 2411 μὲν
818 2357 894 2413 γάρ
916 2355 1134 2412 Εὐσέβιος]
1150 2359 1337 2399 Eusebius
1365 2358 1429 2396 lib.
1453 2359 1478 2398 8
1500 2370 1582 2408 cap.
1601 2357 1655 2398 13

180 2420 219 2454 et
256 2416 293 2453 in
331 2416 515 2453 Oratione
557 2416 799 2454 Constantini
844 2417 895 2454 ad
934 2421 1151 2454 sanctorum
1190 2421 1338 2454 coetum
1373 2427 1456 2464 cap.
1483 2414 1551 2462 25,
1591 2413 1642 2450 ub

181 2471 435 2509 consulendus
474 2472 659 2510 Valesius.
720 2473 808 2511 vide
855 2477 1056 2525 praeterea
1095 2472 1336 2511 Lactantium
1378 2471 1426 2507 de
1473 2469 1655 2508 mortibus

178 2532 466 2580 persecutorum
498 2541 581 2579 cap.
612 2526 680 2570 42.
725 2527 827 2569 Duc.

293 2597 331 2633 p-
363 2583 443 2626 624
472 2597 509 2622 V.
543 2586 580 2625 2.
636 2581 707 2624 τόν
734 2583 967 2635 Λικίννιον]
1011 2584 1143 2622 scribit
1175 2582 1394 2633 Anonymus
1439 2583 1478 2620 in
1516 2582 1593 2620 vita
1620 2594 1653 2619 s.

186 2640 325 2677 Basilei
351 2640 623 2691 archiepiscopi
645 2640 829 2678 Amazeni
856 2654 893 2679 n.
918 2642 943 2681 5
967 2645 1004 2678 et
1025 2643 1050 2681 6
1070 2640 1259 2678 'Licinium
1276 2639 1470 2677 simulasse
1498 2651 1540 2675 se
1569 2649 1656 2676 esse

189 2695 457 2746 Christianum,
489 2701 531 2735 ut
550 2697 815 2735 Constantiam
842 2697 1084 2735 Constantini
1101 2696 1154 2734 M.
1180 2708 1351 2733 sororem
1367 2696 1404 2732 in
1421 2707 1574 2733 uxorem
1588 2694 1658 2731 ob-

188 2752 342 2801 tineret,
370 2757 408 2790 et
428 2753 567 2804 adepto
597 2754 752 2805 imperio
790 2754 828 2791 in
863 2753 1008 2791 oriente
1044 2753 1094 2790 ad
1120 2752 1300 2789 vomitum
1328 2752 1501 2790 rediisse.
1554 2754 1657 2789 certe
