1794 3120
242 129 306 174 50
715 127 941 171 IOANMS
972 127 1229 170 ZONARAE

1768 185 1783 220 ,ι’

190 257 220 291 1)
243 242 448 297 ἠρέμησαν
464 271 476 291 ,
532 240 636 282 ἀλλὰ
672 239 744 294 τὴν
778 238 993 294 “Ρωμα·ι’·δα
1029 237 1168 296 χώραν
1211 237 1483 295 κατέδραμον,
1502 278 1505 282 .
1535 241 1603 282 καὶ
1631 239 1700 283 τὸν

243 307 500 362 Ποστούμιον
519 307 723 351 ἐκάκωσαν
741 308 786 350 τὸ
806 308 989 364 δεύτερον
1005 305 1276 350 ὑπατεύοντα·
1301 309 1367 348 καὶ
1387 305 1492 350 εἶλον
1511 306 1561 350 ἂν
1578 307 1700 350 αῧτόν

243 377 435 426 πανσυδί,
470 378 504 418 εἰ
519 377 576 431 μὴ
607 375 809 431 Μενήνιος
820 376 1036 432 Ἀγρίππας
1053 374 1073 416 ὃ
1093 373 1302 430 συνάρχων
1318 375 1427 433 αὐτῷ
1450 375 1700 432 ἐπεκούρησε.

242 442 528 500 προσπεσόντες
548 445 591 486 δὲ
611 446 744 494 αὐτοῖς
762 445 935 494 πολλοὺς
951 444 1160 500 ἔφθειραν,
1192 442 1292 485 ὥστε
1310 444 1404 494 τοὺς
1422 443 1585 494 λοιποῦς
1601 445 1698 486 ἅνα-

239 517 438 568 χωρῆσαι.
505 513 607 566 μετὰ
639 514 681 554 δὲ
707 517 834 554 ταῦτα
863 511 1064 568 Σπούριός
1089 529 1131 554 τε
1163 509 1344 562 Κάσσιος
1373 513 1439 554 καὶ
1462 511 1731 568 Ὄπιτώριοςό
1788 512 1789 518 ’

52 590 96 623 W
121 587 155 623 ΙΙ
178 586 221 620 21
250 581 477 638 Οὐεργίνιος
494 579 754 630 ὑπατεύοντες
771 587 854 630 τοῖς
873 582 1059 634 Σαβίνοις
1076 581 1319 622 ἐσπείσαντο.
1370 581 1577 636 Καμέριον
1594 581 1637 623 δὲ
1657 580 1700 623 τὸ

245 647 346 691 ἄστυ
366 647 519 698 ἑλόντες
536 648 630 699 τοὺς
647 649 719 702 μὲν
737 651 894 698 πλείους
911 649 1163 699 ἀπέκτειναν,
1195 648 1289 698 τοὺς
1308 649 1352 690 δὲ
1371 648 1533 699 λοιποὺς
1550 647 1701 704 ζωγρή-

244 733 382 766 σαντες
400 717 616 767 ἀπέδοντο,
652 719 717 758 καὶ
737 717 809 770 τὴν
828 716 942 758 πόλιν
962 717 1235 770 κατέσκαψαν.

375 783 633 838 Ποστούμιος
661 786 704 826 δὲ
733 786 924 838 Κομίνιος
955 787 1019 826 καὶ
1042 786 1161 834 Τίτος
1175 782 1365 839 Λάρκιος
1396 781 1566 833 δούλους
1591 782 1702 832 τινὰς

244 853 306 894 ἐπὶ
326 852 550 907 καταλήψει
578 857 649 894 τοῦ
668 854 923 894 Καπιτωλίου
950 854 1202 907 συνωμοσίαν
1222 852 1416 905 θεμένους
1435 849 1700 904 συλλαβόντες
1711 861 1755 895 10
1793 861 1794 909 J

66 928 93 960 P
115 934 129 965 1
155 929 223 966 338
246 919 453 976 ἴφθειραν.
521 917 709 974 Σερούιός
734 937 774 962 τε
792 921 1030 969 Σουλπίκιος
1058 923 1124 965 καὶ
1142 919 1320 975 Μάρκος
1339 919 1536 970 Τούλλιος
1563 918 1700 976 ἓτέραν

245 982 369 1037 αὖθις
396 989 648 1039 συνωμοσίαν
678 985 831 1027 δούλων
860 988 925 1027 καὶ
951 984 1084 1027 ἄλλων
1110 987 1297 1037 δήτινων
1316 986 1545 1038 συστάντων
1565 988 1700 1038 αὐτοῖς

244 1055 564 1111 προκατέλαβον,
600 1054 859 1109 ἀγγελθεῖσαν
893 1053 1028 1103 αὐτοῖς
1053 1051 1154 1109 πρός
1169 1070 1286 1095 τινων
1303 1058 1382 1095 τῶν
1399 1059 1470 1108 τῆς
1484 1057 1700 1110 ἐπιβουλῆς

245 1121 502 1176 μετεχόντων.
572 1121 640 1171 οὓς
668 1124 731 1163 καὶ
755 1120 967 1175 συσχόντες
985 1122 1224 1178 περισταδὸν
1243 1122 1487 1177 κατέκοψαν.
1553 1124 1636 1174 τοῖς
1655 1123 1700 1165 δὲ

243 1197 437 1245 μηνυταῖς
456 1190 558 1232 ἄλλα
573 1208 614 1233 τε
634 1193 698 1232 καὶ
716 1192 893 1232 πολιτεία
917 1189 1058 1245 ἐδόθη.
1559 1204 1562 1205 ’
1711 1192 1753 1229 15

379 1254 519 1308 Αὖθις
546 1259 589 1300 δὲ
607 1259 781 1313 πολέμου
806 1259 914 1315 παρὰ
933 1260 1126 1301 Λατίνων
1155 1258 1257 1301 κατὰ
1270 1256 1428 1313 Ῥώμης
1445 1258 1698 1312 κεκινημένου
1792 1266 1794 1270 “

245 1327 318 1368 οὐκ
333 1325 482 1380 ἤθελον
501 1327 538 1368 οἳ
555 1329 694 1368 πολλοὶ
713 1327 762 1369 τὰ
782 1326 885 1368 ὅπλα
906 1331 1055 1380 λαβεῖν,
1082 1327 1288 1381 ἀποκοπὴν
1303 1331 1383 1368 τῶν
1395 1331 1526 1382 χρεῶν
1539 1327 1697 1376 ἀξιοῦν-

244 1411 309 1443 τες
337 1395 533 1449 γενέσθαι.
602 1397 667 1436 καὶ
692 1394 759 1436 διὰ
789 1400 905 1437 τοῦτο
931 1394 1069 1449 καινήν
1096 1412 1184 1437 τινα
1208 1395 1335 1450 ἀρχὴν
1363 1394 1432 1436 ἐπ’
1455 1395 1698 1452 ἀμφοτέροις

247 1462 383 1512 αὐτοῖς
409 1461 495 1504 τότε
523 1467 682 1518 πρῶτον
706 1464 744 1504 οἳ
763 1465 923 1505 δυνατοὶ
942 1462 1256 1517 κατεστήσαντο·
1293 1460 1490 1519 δικτάτωρ
1510 1461 1531 1504 ὃ
1549 1461 1698 1517 ταύτης

192 1537 220 1571 Β
243 1530 459 1584 ἠξιωμένος
489 1529 723 1584 ὠνόμαστο,
766 1530 937 1584 ἠδύνατο
967 1532 1011 1573 δὲ
1037 1529 1167 1573 πάντα
1192 1532 1233 1581 ἐξ
1259 1531 1346 1573 ἴσου
1375 1537 1458 1580 τοῖς
1474 1534 1753 1584 βασιλεῦσι.20
1788 1538 1794 1582 ξ

242 1598 315 1652 τὴν
343 1599 416 1651 μὲν
442 1599 518 1654 γὰρ
539 1603 611 1640 τοῦ
625 1599 821 1651 βασιλέως
837 1599 1062 1652 ἐπωνυμίαν
1083 1599 1150 1640 διὰ
1171 1599 1263 1649 τοὺς
1285 1601 1534 1655 Ταρκυνίους
1558 1597 1696 1653 ἓμίση-
1790 1599 1794 1603 ’

244 1682 332 1717 σαν,
358 1665 430 1720 τὴν
449 1666 487 1707 δ’
510 1667 550 1708 ἐκ
572 1671 641 1720 τῆς
656 1667 877 1723 μοναρχίας
897 1667 1091 1723 ὠφέλειαν
1111 1667 1308 1719 θέλοντες,
1338 1664 1393 1718 ὥς
1411 1666 1512 1710 πολὺ
1532 1665 1695 1721 ἲσχυού-

1790 753 1794 816 l

333 1783 355 1816 2
378 1778 549 1826 στούμιον
570 1782 612 1816 Α.
749 1784 770 1816 5
796 1781 923 1823 κάσιος
946 1784 985 1819 Β.
1128 1785 1151 1821 6
1173 1781 1441 1826 ὑπατεύσαντες
1460 1785 1504 1819 Β.
1632 1795 1697 1818 κα-

330 1825 457 1872 μέριον
476 1828 589 1871 ABG,
623 1829 831 1872 Καμερίνον
854 1831 949 1863 PW:
983 1829 1102 1864 Livius
1127 1831 1328 1867 Pometiam.
1487 1829 1510 1864 9
1531 1828 1699 1873 καμίνιος

330 1874 436 1909 ABC.
481 1874 542 1917 qui
569 1873 672 1908 Livio
706 1875 894 1908 Postumus
922 1876 1109 1910 Cominius.
1282 1877 1324 1911 11
1349 1872 1493 1916 τάλλιος
1514 1875 1559 1910 A.
1591 1875 1695 1911 Livio

333 1919 408 1951 Ser.
434 1919 624 1963 Sulpicius,
651 1916 724 1956 M’.
756 1920 911 1954 Tullius.
1039 1922 1081 1957 16
1103 1917 1223 1965 κατὰ]
1248 1918 1322 1956 οἷπό
1348 1921 1390 1957 C.
1503 1921 1550 1956 20
1570 1918 1695 1956 πάντα

330 1959 367 2006 ἐξ
393 1964 472 1998 ἴσου
497 1965 568 2008 ΑΒ,
593 1961 630 2006 ἐξ,
654 1964 735 1998 ἴσου
758 1962 880 1999 πάντα
904 1967 990 2001 PW.
1153 1970 1230 2008 τοῖς
1254 1979 1308 2003 om
1330 1967 1359 2002 B
1383 1971 1422 2001 ut
1444 1967 1597 2003 videtur.

238 2068 392 2108 tempore
415 2065 632 2109 quieverunt,
656 2066 717 2100 sed
741 2066 936 2101 incursione
961 2067 996 2100 in
1013 2067 1200 2103 Romanum
1226 2080 1344 2114 agrum
1366 2071 1460 2104 facta
1482 2068 1692 2106 Postumium

235 2110 358 2144 iterum
384 2111 554 2144 consulem
578 2111 799 2146 afflixerunt:
827 2123 972 2156 eumque
995 2125 1070 2147 cum
1095 2115 1249 2148 exercitu
1271 2115 1466 2159 cepissent,
1491 2115 1558 2149 nisi
1574 2115 1695 2150 Mene-

237 2155 313 2188 nius
338 2155 493 2200 Agrippa
515 2157 646 2201 collega
670 2158 702 2191 ei
727 2159 854 2192 auxilio
877 2158 1040 2192 venisset.
1088 2166 1155 2193 tum
1181 2172 1264 2194 vero
1291 2166 1437 2205 uterque
1460 2163 1580 2196 consul
1600 2162 1693 2195 sacto

235 2200 271 2233 in
295 2201 414 2234 hostes
437 2202 562 2245 impetu
588 2203 710 2236 multos
730 2204 869 2247 occidit,
893 2204 1045 2248 reliquos
1067 2205 1282 2250 profligavit.
1331 2212 1409 2250 post
1439 2206 1524 2240 haec
1546 2207 1693 2251 Spurius

237 2246 382 2280 cassius
414 2253 449 2280 et
478 2248 602 2292 Opiter
629 2249 817 2293 Verginius.
840 2250 996 2284 consules
1025 2261 1143 2294 pacem
1177 2263 1251 2285 cum
1273 2252 1412 2286 Sabinis
1443 2252 1626 2294 fecerunt,
1658 2258 1694 2286 et

235 2291 418 2325 camerino
451 2299 549 2337 capto
583 2293 767 2338 plerosque
792 2295 1008 2330 occiderunt:
1043 2295 1171 2341 reliqui
1193 2297 1320 2342 oppido
1345 2309 1469 2331 everso
1498 2298 1690 2334 venierunt.

374 2348 566 2382 Postumius
592 2349 768 2383 Cominius
807 2355 843 2385 et
866 2352 912 2386 T.
936 2351 1079 2385 Lartius
1102 2353 1234 2396 aliquot
1257 2365 1399 2396 servos,
1436 2354 1494 2399 qui
1519 2354 1564 2389 de
1589 2366 1692 2389 oecu—

237 2393 352 2438 pando
377 2394 554 2438 Capitolio
579 2394 819 2439 coniurarant‚
853 2397 1068 2431 occiderunt:
1104 2399 1383 2441 quemadmodum
1406 2399 1553 2434 Servius
1576 2400 1693 2445 Sulpi-

235 2438 309 2472 cius
343 2443 378 2472 et
402 2439 452 2474 M.
478 2439 613 2474 Tullius
636 2445 717 2484 post
741 2441 841 2476 aliam
876 2453 1013 2488 quoque
1044 2443 1312 2478 coniurationem
1342 2456 1520 2480 servorum
1549 2457 1692 2492 oppres—

233 2488 365 2527 serunt,
390 2495 409 2517 a
433 2485 580 2518 consciis
606 2486 807 2530 quibusdam
832 2488 1034 2531 indicatam,
1073 2493 1108 2522 et
1132 2489 1327 2524 coniuratos
1350 2502 1478 2525 corona
1500 2491 1691 2526 circumda-

232 2534 287 2562 tos
312 2529 542 2564 trucidarunt.
588 2531 760 2565 indicibus
784 2544 858 2567 cum
883 2534 949 2568 alia
973 2534 1126 2579 praemia
1148 2539 1219 2569 tum
1243 2536 1368 2570 civitas
1392 2537 1507 2574 data..

367 2585 398 2618 A
423 2585 556 2619 Latinis
580 2586 707 2621 iterum
732 2588 820 2622 bello
844 2594 936 2623 moto
960 2589 1057 2635 plebs
1082 2601 1173 2624 arma
1197 2603 1323 2636 capere
1348 2593 1476 2636 noluit,
1499 2604 1610 2627 novas
1635 2599 1689 2627 ta-

231 2629 332 2663 bulas
355 2630 531 2675 flagitans.
580 2637 790 2677 quapropter
807 2635 995 2681 locupletes
1025 2639 1108 2669 tunc
1135 2636 1280 2681 primum
1304 2649 1428 2671 novum
1452 2639 1691 2683 magistratum

229 2679 413 2719 crearunt,
448 2677 527 2722 pari
556 2677 593 2711 in
623 2689 739 2711 omnes
770 2681 995 2724 auctoritate,
1029 2682 1187 2726 potentia
1217 2683 1316 2728 regia
1346 2684 1561 2728 praeditum:
1588 2695 1687 2728 quem

228 2719 434 2755 dictatorem
463 2727 642 2758 vocarunt.
690 2735 765 2758 nam
797 2738 870 2760 cum
903 2726 997 2771 regis
1020 2732 1281 2771 cognomentum
1303 2734 1448 2774 propter
1473 2729 1689 2775 Tarquinios

226 2766 395 2810 odissent,
419 2778 460 2802 ac
484 2768 699 2804 monarchiae
722 2770 891 2806 utilitates
915 2783 1033 2817 magna
1056 2773 1094 2808 vi
1116 2773 1161 2808 ad
1183 2773 1272 2809 bella
1291 2782 1326 2809 et
1342 2775 1548 2810 seditionum
1565 2776 1686 2810 tumul-
