1820 3120
271 97 370 144 352
750 98 980 141 IOANNIS
1010 98 1272 141 ZONARAE

268 207 489 267 χρημάτων
531 207 714 263 δεόμενοι
747 211 817 252 ἵνα
856 212 931 261 τὰς
970 211 1193 264 ἐπιθυμίας
1231 215 1318 254 τῶν.
1355 217 1612 268 στρατιωτῶν
1648 213 1752 256 ἀπο-
1791 224 1797 231 ·

271 277 470 332 πλήσωσι.
1174 328 1180 339 Ι

410 345 479 389 17.
545 348 688 387 Ταῦτα
713 345 757 387 δὲ
778 334 864 387 ὕπὸ·
880 349 953 387 τοῦ
974 346 1163 388 Λεπίδου
1187 347 1254 387 καὶ
1278 350 1351 389 τοῦ
1367 346 1578 391 Ἀντωνίου
1600 347 1752 405 ἐπράτ-

271 430 360 456 τετο
383 411 577 467 μάλιστα.
645 413 883 468 τιμηθέντες
904 413 984 470 γὰρ
1006 412 1085 456 ὑπὸ
1110 417 1184 456 τοῦ
1207 415 1403 472 προτέρου
1428 416 1659 473 Καίσαρος,
1683 418 1751 460 καὶ

220 493 250 526 Β
275 483 337 524 ἐπὶ
372 486 557 524 πλεῖστον
587 479 781 537 ἄρξαντες
812 485 880 523 καὶ
913 479 1270 537 ἡγεμονεύσαντες,
1305 485 1371 525 καὶ
1403 486 1614 535 πλείστους
1646 483 1786 540 εἷχονὸ

274 549 464 606 ἐχθρούς.
520 547 648 591 ἐδόκει
673 550 717 591 δὲ
740 551 807 591 καὶ
829 548 908 591 ὑπὸ
932 554 1006 592 τοῦ
1028 551 1118 592 νέου
1145 551 1356 606 Καίσαρος
1378 553 1562 607 γίνεσθαι
1582 552 1658 594 *δεδι
1679 553 1753 607 τὴν

273 623 346 673 τῆς
372 619 608 667 δυναστείας
630 620 850 660 κοινωνίαν.
882 618 1004 669 αὐτὸς
1025 619 1104 675 γὰρ
1129 618 1176 660 οὗ
1204 620 1377 673 συχνοὺς
1395 619 1610 672 ἀπέκτεινε,
1634 619 1753 678 φύσει

274 704 317 729 τε
349 687 422 728 οὐκ
457 686 567 739 ὠμὸς
597 684 654 730 ὢν
688 688 755 728 καὶ
786 688 1070 742 τεθραμμένος
1101 693 1185 737 τοῖς
1217 686 1338 741 ἤθεσι
1369 692 1443 731 τοῦ
1474 687 1650 745 πατρός,
1683 691 1754 732 καὶ

272 753 375 810 μήτε
409 758 573 803 πολλοῖς
603 761 723 807 μῖσος
755 755 915 810 τρέφων
940 755 1123 812 σφοδρὸν
1147 757 1213 796 καὶ
1239 759 1449 813 φιλεῖσθαι
1471 756 1754 840 πραγματευό-

275 840 408 876 μενος.
453 825 519 864 καὶ
545 822 591 864 οὗ
614 821 739 876 μόνον
763 823 810 865 οὗ
837 824 1012 873 πολλους
1034 823 1235 880 ε’φθειρεν,
1272 824 1377 866 ἀλλὰ
1403 825 1508 866 καὶ
1483 826 1618 870 ε’σωσε
1641 827 1783 872 niel-1

275 904 418 942 στους·
443 893 510 934 καὶ
533 897 617 940 τοῖς
640 889 829 947 κρύψασί
845 909 956 942 τινας
978 892 1251 935 ἐπιεικέστατα
1274 892 1488 950 ἐχρήσατο,
1513 894 1596 937 ἐπεὶ
1617 892 1754 938 θάνα-

274 977 345 1010 τος
368 977 435 1002 και
460 957 618 1008 τούτοις
640 962 867 1016 προείρητο.

407 1027 456 1070 Ὁ
480 1028 525 1070 δὲ
546 1028 734 1078 Λέπιδος
758 1023 1081 1085 ἀπαραίτητος
1054 1046 1118 1082 ην,
1154 1029 1221 1070 καὶ
1254 1026 1275 1069 ὃ
1303 1026 1514 1079 Ἀντώνιος
1538 1030 1666 1084 ὥμως
1688 1031 1756 1072 καὶ

277 1097 455 1151 ἀνηλεῶς
488 1095 630 1138 ἔκτεινε
664 1099 732 1138 καὶ
769 1097 863 1147 τοὺς
896 1098 1158 1154 ἐπικουρῆσαι
1194 1102 1278 1146 τοῖς
1311 1097 1574 1151 κτεινομένοις
1607 1099 1756 1152 {mxu-—

225 1177 256 1212 c
282 1169 476 1222 ροῦντας,
529 1166 596 1206 καὶ
630 1164 704 1215 τὰς
749 1165 930 1222 κεφαλὰς
971 1169 1053 1207 τῶν
1096 1166 1386 1222 σφαττομένων
1421 1167 1489 1208 καὶ
1523 1165 1756 1221 σιτούμενος
1767 1178 1812 1213 15

280 1232 510 1283 ἐπεσκόπει,
545 1234 612 1275 καὶ
636 1238 707 1288 τῆς
731 1234 893 1276 ἀνοσίου
918 1234 1022 1283 θέας
1046 1234 1179 1276 αὐτῶν
1202 1235 1482 1287 ἐνεπίμπλατο.
1524 1238 1591 1277 καὶ
1611 1233 1637 1290 ἦ
1655 1235 1756 1291 γυνὴ

279 1301 407 1344 αὐτοῦ
431 1301 457 1356 ἡ
486 1303 673 1354 Φουλβία
697 1302 873 1352 πολλοὺς
894 1304 960 1343 καὶ
988 1302 1089 1356 αὐτὴ
1113 1304 1180 1344 καὶ
1205 1302 1263 1343 δι’
1290 1302 1445 1359 ἔχθραν
1467 1305 1534 1345 καὶ
1561 1303 1630 1345 διὰ
1648 1302 1758 1360 χρή-

278 1388 391 1425 ματα
414 1368 686 1422 ἐθανάτωσεν,
721 1370 806 1414 ἔστι
837 1370 880 1412 ‹5’
917 1370 988 1420 οὓς
1020 1370 1113 1412 οὐδὲ
1144 1371 1461 1425 γινωσκομένους
1481 1369 1560 1418 ὑπὸ
1587 1376 1662 1414 τοῦ
1685 1372 1758 1414 οἷν-

281 1438 378 1495 δρὸς
404 1438 542 1492 αὐτῆς.
611 1439 707 1481 ποτὲ
738 1443 835 1494 γοῦν
869 1441 937 1480 καὶ
968 1443 1040 1493 τῆς
1072 1443 1145 1481 τοῦ
1169 1439 1401 1493 Κικέρωνος
1430 1443 1611 1496 κεφαλῆς
1640 1457 1759 1495 κομι-

279 1509 447 1561 σθείσης
482 1505 658 1563 (φεύγων
689 1508 767 1564 γὰρ
802 1506 1044 1563 κατελήφθη
1079 1509 1147 1550 καὶ
1181 1506 1356 1564 ἐσφάγη)
1393 1505 1415 1549 ὃ
1449 1509 1523 1561 μὲν
1548 1507 1758 1560 Ἀντώνιος

239 1570 241 1572 ’
279 1575 410 1617 πολλὰ
450 1575 573 1617 αὐτὸν
609 1574 915 1633 βλασφημήσας
950 1576 1150 1617 ἐκέλευσεν
1187 1576 1314 1629 αὐτὴν
1348 1576 1637 1633 ἐκφανέστερον
1677 1581 1759 1620 τῶν
1819 1593 1820 1628 1

280 1642 414 1685 ἄλλων
430 1644 478 1687 ,ἐν
501 1648 558 1701 τῷ
580 1642 737 1698 βήματι
769 1647 1041 1700 προτεθῆναι,
1084 1644 1139 1685 ἵν’
1181 1642 1281 1686 ὅθεν
1313 1643 1481 1698 ἠκούετο
1516 1647 1759 1702 δημηγορῶν

282 1712 375 1754 κατ’
410 1712 536 1754 αὐτοῦ
545 1744 558 1764 ,
594 1714 679 1754 ἐκεῖ
694 1712 797 1766 μετὰ
829 1717 901 1767 τῆς
928 1712 1065 1768 χειρὸς
1087 1715 1160 1767 τῆς
1183 1714 1317 1763 δεξιᾶς
1340 1711 1493 1772 ὁρῷτο·
1529 1711 1657 1764 οὕτως
1678 1715 1757 1771 γὰρ

376 1830 419 1864 11
445 1825 719 1870 ἐπιεικεστάτοις
741 1830 784 1865 Α.

418 1921 591 1956 Formas.
643 1921 732 1966 Gap.
757 1920 814 1957 17.
862 1919 992 1956 Dionis
1014 1921 1197 1957 Historiae
1220 1922 1407 1957 Romanae
1429 1921 1490 1958 lib.
1506 1921 1551 1958 47
1576 1934 1607 1958 c.
1625 1921 1753 1958 7—15.

281 2023 485 2058 innocentes
508 2022 546 2056 in
570 2022 842 2068 proscriptorum
867 2034 1041 2057 numerum
1064 2024 1287 2067 referebant,
1319 2024 1412 2068 quod
1442 2024 1576 2070 ingenti
1610 2025 1761 2071 pecunia

282 2073 380 2103 esset
403 2080 489 2114 opus
514 2069 558 2102 ad
583 2069 770 2113 explendas
795 2069 940 2102 militum
963 2069 1182 2114 cupiditates,
1304 2096 1305 2101 ,

425 2113 478 2148 17.
527 2115 626 2148 Haec
659 2126 678 2148 a
703 2115 837 2159 Lepido
863 2120 900 2148 et
922 2115 1074 2149 Antonio
1106 2114 1323 2160 potissimum
1353 2115 1567 2159 agebantur·
1601 2126 1759 2160 quorum,

279 2160 375 2205 quod
397 2161 461 2194 sub
488 2161 608 2194 maiori
634 2161 787 2194 Caesare
811 2161 973 2195 honorati
1004 2161 1155 2195 fuissent
1185 2164 1222 2195 et
1254 2160 1472 2205 amplissimis
1497 2162 1760 2206 magiStratibus

280 2212 386 2250 atque
410 2206 566 2251 imperiis
592 2207 723 2250 ornati,
749 2207 851 2241 etiam
876 2206 1076 2240 inimicitiae
1099 2206 1269 2241 latissime
1292 2208 1472 2251 patebant,
1507 2208 1571 2241 sed
1594 2208 1713 2242 eadem
1737 2219 1759 2241 a

281 2252 437 2285 Caesare
460 2263 602 2297 quoque
628 2253 706 2286 fieri
729 2254 946 2297 putabantur
966 2258 1113 2297 propter
1141 2257 1340 2298 potentatus
1363 2253 1580 2287 societatem.
1627 2264 1758 2299 paucos

281 2298 369 2331 enim
393 2298 469 2342 ipse
494 2298 696 2342 occidebat,
735 2310 799 2332 nec
828 2304 951 2332 natura
984 2299 1137 2333 crudelis
1161 2304 1198 2332 et
1219 2298 1369 2332 moribus
1392 2299 1504 2343 patris
1528 2299 1697 2333 educatus
1722 2303 1759 2334 et

279 2344 403 2388 paucis
428 2344 584 2387 graviter
608 2344 785 2388 infensus,
821 2345 949 2389 quique
974 2344 1074 2389 diligi
1098 2356 1136 2378 se
1160 2355 1260 2390 quam
1281 2343 1397 2378 timeri
1419 2345 1546 2380 mallet.
1593 2356 1659 2385 nec
1679 2349 1759 2378 tan-

279 2395 352 2423 tum
377 2401 446 2423 non
469 2390 593 2423 multos
619 2390 768 2434 occidit,
792 2392 855 2424 sed
879 2390 1042 2435 plurimos
1067 2391 1170 2424 etiam
1195 2390 1443 2434 conservavit,
1469 2393 1507 2424 et
1529 2402 1589 2425 eos
1612 2390 1674 2436 qui
1695 2391 1760 2424 ali-

278 2446 369 2479 quos
393 2435 609 2469 occultarant
631 2417 876 2470 humanissime
901 2436 1088 2470 tractavit.
1112 2447 1189 2469 nam
1211 2435 1248 2469 id
1272 2446 1411 2481 quoque
1434 2436 1584 2482 capitale
1605 2441 1696 2470 erat·

418 2481 575 2527 Lepidus
602 2493 689 2515 vero
715 2482 940 2516 inexorabilis
965 2482 1051 2516 fuit:
1085 2481 1258 2516 Antonius
1289 2482 1372 2517 item
1407 2493 1556 2524 saevum
1589 2482 1650 2528 qui
1672 2493 1758 2527 pro-

279 2525 488 2580 scriptorum
513 2539 650 2573 quoque
675 2529 881 2562 defensores
905 2528 1092 2562 crudeliter
1115 2527 1334 2571 trucidabat,
1358 2528 1616 2572 occisorumque
1639 2528 1760 2572 capita

279 2572 335 2605 vel
365 2572 459 2606 inter
492 2574 610 2618 epulas
641 2574 783 2608 intuens
816 2575 949 2608 nefario
981 2574 1180 2618 spectaculo
1205 2573 1248 2606 ad
1274 2553 1470 2608 s-at'ietatem
1494 2574 1756 2619 pei-fruebatur.

280 2629 369 2650 uxor
391 2619 476 2652 item
499 2619 574 2653 eius
597 2620 723 2654 Fulvia
747 2620 872 2654 multos
896 2632 940 2654 ex
965 2620 1065 2662 odio,
1087 2618 1212 2652 multos
1235 2619 1405 2664 pecuniae
1429 2631 1556 2664 causa,
1579 2619 1758 2654 nonnullos

281 2663 386 2697 etiam
410 2665 534 2698 marito
568 2666 671 2710 plane
701 2666 841 2710 ignotos
873 2646 1113 2700 trucidaba’t.
1137 2665 1316 2699 Ciceronis
1341 2670 1456 2700 autem
1480 2669 1586 2711 eaput
1609 2666 1704 2708 (nam
1727 2665 1758 2699 is

282 2720 421 2753 quoque
445 2710 479 2743 in
505 2712 590 2756 suga
612 2711 802 2756 iugulatus
813 2713 948 2755 fuerat)
971 2710 1143 2746 Antonius
1177 2711 1223 2745 ad
1252 2722 1291 2745 se
1325 2712 1464 2746 allatum
1487 2711 1679 2746 maledictis
1701 2711 1757 2745 in-

282 2758 452 2799 sectatus,
476 2756 661 2791 illustriori
683 2758 721 2791 in
744 2757 821 2792 loco
845 2769 909 2804 pro
933 2757 1077 2800 rostris,
1094 2767 1161 2791 una
1183 2768 1260 2792 cum
1284 2758 1409 2793 dextra
1430 2757 1506 2793 eius
1530 2757 1643 2802 manu,
1666 2757 1759 2792 unde
