1820 3120
272 121 375 169 446
746 87 978 164 IOANNIS
1010 119 1274 164 ZONARAE

271 233 524 291 τηρήσαντα,
557 232 686 287 μηδὲν
721 231 873 276 ἄτοπον
908 231 1013 275 κατὰ
1049 236 1124 287 τῆς
1156 235 1231 276 τοῦ
1260 233 1448 290 Χριστοῦ
1480 235 1749 286 διδασκαλίας

269 306 494 357 ἐπινοῆσαι.
560 298 751 358 μάρτυρα
784 300 829 343 δ’
856 302 919 343 ἐπὶ
941 299 1099 352 τούτοις
1121 299 1293 358 παράγει
1319 302 1591 358 Τερτνλιαᾳδν
1614 301 1637 347 ὅ
1660 303 1747 346 Εὖ-

271 371 431 424 σέβιος,
472 367 604 425 ἄνδρα
620 367 820 423 Ῥωμαῖον
842 370 910 411 καὶ
933 369 1004 411 ἕνα
1035 373 1117 411 τῶν
1148 370 1192 411 ἓν
1224 373 1276 426 τῇ
1301 366 1439 427 Ῥώμῃ
1459 374 1672 429 λαμπρῶν,
1703 373 1748 415 ἓν

271 441 487 494 συγγραφῇ
504 454 582 480 τινι
599 437 692 495 παρ’
714 437 839 480 αὐτοῦ
858 438 1065 494 «ἔκ-τεθείσῃ
1082 435 1288 495 Ῥωμαϊκῇ
1311 438 1519 496 διαλέκτῳ,
1539 442 1748 495 μεταβλη-

269 507 393 562 θείσῃ
426 506 469 547 δ’
507 507 565 556 εἷς
593 506 669 561 τὴν
693 503 875 548 “Ελλα’δα
908 503 1070 562 φωνήν,
1105 505 1273 561 λέγοντα
1305 510 1435 549 ταῦτα
1462 504 1670 552 “uniatur
1695 502 1781 562 '⁷1⁹⁵

272 573 406 630 δόγμα
427 573 583 629 μηδένα
607 573 707 617 θεὸν
730 571 809 616 ὖπό
832 590 905 616 του
928 577 1231 631 καθιεροῦσθαι
1253 576 1347 632 πρὶν
1368 572 1448 618 ὑπὸ
1471 579 1545 630 τῆς
1573 575 1750 632 συγκλή-

215 652 247 686 D
271 659 344 686 του
378 644 630 698 δοκιμασθῇ.
699 640 721 684 ὃ
757 643 948 699 Τιβέριος
980 637 1066 695 οὖν,
1106 642 1178 700 ἐφ’
1215 636 1266 685 οὗ
1294 643 1341 686 τὸ
1376 647 1459 686 τῶν
1488 645 1751 702 Χριστιανῶν

271 710 402 765 ὄνομα
426 712 482 760 εἷς
505 710 575 753 τὸν
598 708 752 764 κόσμον
774 709 1050 766 εἷσεληλύθει,
1085 710 1353 767 ἀγγελθέντος
1383 712 1496 771 αὐτῷ
1516 713 1562 755 ἐκ
1582 714 1752 755 Παλαι-

270 780 408 833 στίνης
436 783 509 821 τοῦ
542 776 745 834 δόγματος
777 778 926 822 τούτου
948 778 1053 822 ἔνθα
1075 784 1236 836 πρῶτον
1257 779 1433 837 ἤρξατο,
1465 784 1518 838 τῇ
1539 778 1751 839 συγκλήτῳ

270 844 578 898 ἀνεκοινώσατο,
614 849 737 902 δῆλος
760 846 817 890 ὢν
839 849 1002 898 ἐκείνοις
1026 846 1083 899 ὡς
1104 852 1163 906 τῷ
1187 847 1359 904 δόγματι
1383 848 1607 906 ἀρέσκεται.
1651 846 1679 904 ἦ
1703 848 1750 891 δὲ
1759 857 1806 894 m

269 913 494 971 σύγκλητος
514 915 599 957 ἐπεὶ
622 916 696 957 οὐκ
719 915 823 970 αὐτὴ
850 915 1103 970 δεδοκιμάκει
1125 920 1245 959 τοῦτο
1268 916 1477 960 ἀπώσατο.
1523 914 1545 960 ὅ
1568 917 1615 960 δὲ
1636 916 1679 960 ἓν
1699 920 1752 974 τῇ

271 983 399 1026 αὐτοῦ
429 981 570 1039 γνώμῃ
600 982 765 1037 ἔμεινεν,
795 983 1018 1039 ἀπειλήσας
1048 983 1233 1027 θάνατον
1263 990 1348 1035 τοῖς
1378 988 1460 1027 τῶν
1491 986 1753 1042 Χριστιανῶν

269 1050 553 1106 κατηγόροις.”
622 1056 754 1094 ταῦτα
787 1050 809 1094 ὃ
844 1052 1046 1106 Εὐσέβρὺς
1079 1057 1244 1107 ποιῆσαι
1277 1052 1347 1095 τὸν
1379 1052 1572 1109 Τιβέριον
1601 1053 1758 1110 ἱστορεῖ

269 1118 464 1174 μαθόντα
485 1119 576 1175 περὶ
598 1124 672 1175 τῆς
693 1117 890 1175 θεότητος
911 1125 983 1163 τοῦ
1007 1125 1190 1177 σωτῆρος
1210 1118 1330 1175 ἡμῶν
1351 1122 1419 1163 καὶ
1440 1123 1515 1176 τῆς
1535 1121 1580 1164 ἐκ
1599 1125 1753 1179 νεκρῶν

272 1187 400 1231 αὐτοῦ
436 1186 695 1239 ἀναστάσεως
706 1220 720 1240 ,
766 1189 808 1231 ἐκ
842 1193 916 1244 τῆς
948 1193 1023 1232 τοῦ
1058 1193 1336 1247 Τερτυλιανοῦ
1367 1194 1609 1248 συγγραφῆς
1642 1189 1749 1234 αὐτὰ
1761 1197 1806 1235 15

269 1254 541 1309 ἐκλεξάμενος.

406 1324 447 1366 4.
517 1324 603 1366 Καὶ
626 1321 647 1365 ὅ
671 1323 744 1378 μὲν
770 1323 960 1380 Τιβέριος
985 1323 1115 1374 οὕτως
1137 1324 1307 1378 ἄπεβίω,
1330 1324 1536 1376 διεδέξατο
1557 1324 1605 1367 δὲ
1625 1323 1752 1368 αὐτὸν

271 1391 293 1435 ὃ
317 1390 443 1443 Γάϊος
465 1389 487 1435 ὃ
513 1396 585 1434 τοῦ
608 1393 862 1448 Γερμανικοῦ
886 1394 953 1434 καὶ
974 1397 1048 1447 τῆς
1065 1393 1321 1449 Ἀγριππίνης
1341 1399 1461 1445 παῖς,
1487 1392 1534 1436 ὃν
1555 1393 1623 1435 καὶ
1645 1394 1688 1434 Γ
1683 1410 1753 1448 ερ-

85 1475 114 1510 Ρ
138 1474 158 1510 1
180 1474 250 1510 553
272 1461 443 1516 μανικὸν
464 1461 533 1503 καὶ
558 1458 816 1516 Καλλιγόλαν
839 1458 1109 1515 ἔπωνόμαζον.
1178 1463 1214 1504 εἰ
1233 1462 1314 1519 γὰρ
1335 1463 1403 1504 καὶ
1425 1459 1448 1504 ὃ
1473 1460 1663 1518 Τιβέριος
1683 1462 1753 1504 καὶ

271 1534 328 1589 τῷ
365 1530 456 1589 ἰδίῳ
493 1527 641 1587 ἕγγόνῳ
674 1533 732 1587 τῷ
765 1530 943 1587 Τιβερίῳ
972 1530 1047 1584 τὴν
1080 1529 1304 1586 αὗταρχίαν
1336 1530 1558 1582 κατέλιπεν,
1594 1529 1691 1572 ἀλλ’
1726 1526 1810 1572 δῖ)

362 1683 384 1718 1
408 1679 478 1716 τοῦ
500 1680 568 1715 add
591 1680 623 1714 A
645 1679 833 1715 Eusebius.
990 1682 1014 1714 4
1035 1679 1231 1725 συγγραφῇ
1252 1681 1341 1726 τινι]
1366 1680 1578 1717 Tertulliani
1600 1681 1751 1728 Apolog-

365 1729 400 1772 5,
425 1727 524 1762 cuius
546 1727 658 1760 verba
679 1725 769 1762 infra
792 1725 983 1772 posuimus.
1136 1723 1326 1772 ἐκτεθείσῃ
1343 1723 1534 1773 Ῥωμαϊκῇ
1555 1725 1751 1774 διαλέκτῳ]

363 1771 611 1818 συγγραφείσῃ
634 1771 678 1806 Α.
845 1772 890 1806 10
911 1772 962 1818 τῷ
986 1767 1145 1816 δόγματι
1167 1767 1362 1815 α’ρὲσκεται
1384 1772 1417 1807 Α
1437 1773 1634 1819 Eusebius,
1665 1770 1752 1816 α’ρέ-

360 1829 488 1854 σκεται
510 1818 563 1864 τῷ
585 1815 789 1862 κηρύγματι
811 1817 902 1856 PW,
1043 1817 1088 1851 12
1111 1813 1229 1853 αὐτοῦ
1250 1817 1312 1851 ΑΒ
1337 1818 1522 1864 Eusebius,
1546 1815 1644 1866 αὗτῇ
1661 1820 1752 1856 PW.

366 1865 412 1901 13
435 1861 580 1908 ἰστορεῖ
596 1860 663 1898 τὸν
685 1859 848 1909 τιβέριον
870 1862 1026 1908 ποιῆσαι
1048 1863 1093 1898 Α.
1233 1862 1276 1899 17
1300 1855 1344 1898 B}
1368 1876 1423 1900 om
1446 1865 1490 1900 C.

410 1955 578 2036 {om-ns.
629 1954 717 1999 Cap.
749 1954 786 1989 4.
835 1953 965 1989 Dionis
994 1954 1177 1990 Historiae
1210 1955 1396 1991 Romnae
1425 1955 1486 1993 lib.
1517 1955 1566 1992 59
1595 1966 1629 1994 ο.
1659 1956 1682 1991 1
1705 1974 1752 1981 -

363 2013 393 2035 0·
447 2024 457 2035 u

271 2137 308 2170 in
345 2134 499 2181 pristina
532 2134 577 2170 de
609 2145 651 2168 eo
683 2134 857 2169 sententia
888 2140 1146 2180 permanentem
1179 2136 1267 2171 nibil
1301 2137 1444 2182 gravius
1480 2137 1518 2171 in
1557 2137 1753 2172 doctrinam
1817 2139 1820 2147 “

272 2181 506 2216 Christianam
547 2180 784 2215 constituisse.
843 2192 884 2214 ac
920 2186 1045 2216 testem
1084 2181 1203 2217 laudat
1237 2182 1518 2226 Tertullianum,
1558 2181 1752 2217 Romanum

271 2228 480 2273 scriptorem
503 2231 541 2261 et
564 2227 692 2260 clarum
717 2227 849 2270 virum,
886 2226 985 2262 cuius
1018 2228 1055 2261 in
1081 2228 1172 2262 libro
1195 2227 1341 2273 quodam
1363 2227 1473 2263 latine
1496 2228 1629 2273 scripto
1653 2234 1690 2262 et
1712 2229 1751 2262 in

270 2284 434 2318 graecum
459 2283 628 2307 converso
654 2272 740 2306 haec
764 2283 806 2306 ea
838 2272 881 2307 de
912 2284 951 2307 re
983 2274 1093 2308 verba
1126 2278 1290 2308 exstant:
1319 2270 1449 2309 “vetus
1472 2278 1550 2308 erat
1572 2274 1751 2308 decretum

271 2331 315 2353 ne
337 2319 398 2365 qui
421 2318 506 2352 deus
532 2318 576 2352 ab
600 2317 811 2363 imperatore
837 2320 1198 2354 consecraretur'niai
1223 2331 1245 2353 a
1266 2325 1390 2354 senatu
1413 2321 1596 2365 probatus.
1642 2320 1754 2355 Tibo-

270 2365 345 2399 rius
370 2375 454 2408 ergo
468 2391 477 2408 ‚
506 2364 605 2398 cuius
629 2370 788 2410 tempore
812 2375 935 2398 nomen
959 2365 1195 2400 Christianum
1219 2366 1252 2399 in
1275 2365 1448 2400 saeculum
1473 2365 1657 2407 introivit,
1690 2376 1752 2399 an-

271 2411 465 2445 nuntiatum
491 2409 559 2443 sibi
583 2421 626 2444 ex
651 2410 760 2454 Syria
783 2410 1023 2453 Palaestinae,
1049 2412 1141 2456 quod
1165 2410 1237 2444 illio
1259 2412 1441 2446 veritatem
1462 2411 1557 2445 illius
1579 2411 1750 2445 divinita·

270 2457 318 2491 tis
343 2455 579 2501 revelaverat,
602 2457 730 2491 detulit
754 2457 798 2490 ad
824 2462 983 2491 senatum
1007 2468 1082 2490 cum
1107 2457 1356 2502 praerogativa
1377 2457 1539 2502 suffragii
1558 2458 1623 2491 sui.
1649 2468 1752 2503 sena-

269 2507 348 2545 tus,
385 2501 469 2547 quia
503 2513 572 2535 non
602 2502 678 2547 ipse
707 2503 945 2548 probaverat,
980 2514 1038 2537 res
1065 2503 1127 2536 uit.
1173 2502 1307 2537 Caesar
1337 2503 1374 2537 in
1409 2502 1588 2537 sententia
1610 2503 1750 2546 mansit,

270 2548 498 2582 comminatus
522 2548 712 2591 periculum
736 2549 1000 2583 accusatoribus
1059 2544 1338 2583 hristianorum.”
1384 2549 1470 2583 haee
1493 2548 1674 2583 Tiberium
1697 2549 1751 2582 fo-

270 2593 361 2627 cisse
385 2593 581 2635 Eusebius,
619 2593 803 2628 divinitate
825 2595 1018 2628 servatoris
1042 2594 1153 2628 nostri
1179 2598 1217 2628 et
1238 2595 1498 2629 resurrectione
1527 2605 1574 2629 ex
1605 2594 1750 2628 mortuis

270 2639 424 2683 cognita,
451 2650 470 2671 e
495 2638 707 2673 Tertulliani
732 2640 874 2685 scriptis
898 2644 1151 2675 commemorat.

410 2684 446 2717 4.
493 2684 641 2719 Tiberio
667 2685 710 2719 ad
734 2687 824 2719 hunc
848 2686 983 2720 modum
1007 2686 1172 2719 defuncto
1197 2685 1310 2720 Gaius
1335 2684 1538 2720 Germanici
1560 2689 1598 2719 et
1619 2684 1751 2729 Agrip-

271 2728 375 2774 pinae
400 2729 508 2772 filius,
543 2731 605 2775 qui
629 2736 664 2766 et
686 2732 917 2766 Germanicus
950 2735 987 2765 et
1008 2730 1168 2774 Caligula
1201 2732 1538 2776 cognominabatur,
1570 2731 1750 2765 suecessit.
1776 2760 1777 2763 ,

273 2775 341 2809 etsi
372 2775 462 2809 enim
496 2775 664 2811 Tiberius
698 2777 799 2812 etiam
832 2777 981 2813 Tiberio
1015 2777 1138 2822 nepoti
1173 2777 1368 2822 reliquerat
1399 2776 1601 2824 imperium,
1633 2782 1750 2811 tamen
1798 2807 1802 2809 ι
