1820 3120
245 60 345 106 296
719 55 948 101 IOANms
978 55 1240 112 zoNAmE

245 172 448 227 ἔπεμψεν,
478 170 537 214 ‘lv'
572 170 619 212 ἐκ
649 171 828 226 πλαγίου
847 168 984 219 αὐτοῖς
1015 168 1283 224 ἔπιγένωνται.
1360 170 1429 212 καὶ
1461 169 1545 214 ἐπεὶ
1569 170 1716 216 ,ἐκεῖνοι
1767 162 1785 172 '⁴

191 251 224 285 D
248 237 546 297 προσβαλόντες
577 238 726 289 αὐτοὺς
755 236 1051 294 συνετάραξαν,
1091 235 1263 292 ἐπήγαγε
1293 236 1371 292 τὴν
1393 235 1586 295 φάλαγγα
1602 239 1714 283 -κατὰ

244 307 485 364 πρόσωπον,
529 309 597 349 καὶ
628 307 804 358 πολλοὺς
833 304 1058 364 ἐφόνευσεν.
1127 306 1170 347 ἔκ
1208 306 1253 347 δὲ
1284 303 1429 348 τούτου
1461 307 1607 358 Δίαιος
1637 308 1714 361 μὲν

244 375 444 432 ἀπογνοὺς
477 374 621 419 ἑαυτὸν
656 375 857 418 ἀπέκτεινε
867 407 892 427 ,q
915 379 995 416 τῶν
1020 375 1044 416 δ
1053 373 1066 390 ²
1093 374 1137 416 ἐκ
1159 377 1232 427 τῆς
1252 371 1386 431 μάχης
1407 376 1714 432 περισωθέντων
1746 368 1748 370 ¹

245 445 282 487 οἳ
317 445 391 498 μὲν
417 444 635 501 Κορίνθιοι
667 444 771 486 κατὰ
801 444 874 498 τὴν
901 441 1043 498 χώραν
1075 441 1385 497 ἐσκεδάσθησαν
1395 474 1409 494 ,
1454 443 1494 486 οἳ
1527 443 1567 486 δ’
1593 442 1710 487 ἄλλοι
1723 452 1749 490 5,

244 513 381 555 οἴκαδε
405 511 567 570 ἔφυγον.
603 510 701 555 ὅθεν
724 513 791 554 καὶ
815 512 852 553 οἳ
877 513 917 553 ἒν
936 515 993 568 τῷ
1010 511 1128 564 τείχει
1147 504 1362 567 Κορίνθιοι
1382 508 1536 562 πάντας
1552 510 1716 556 ἀπολω-

243 582 353 624 λέναι
379 582 615 635 νομίσαντες
648 580 824 631 ἐξέλιπον
857 580 931 634 τὴν
963 578 1100 620 πόλιν·
1146 580 1215 621 καὶ
1245 578 1361 634 κενὴν
1395 579 1522 635 αὐτὴν
1555 579 1716 638 ἀνδρῶν

243 648 264 692 ὅ
290 647 493 704 Μόμμιος
526 648 659 702 ἔλαβε.
728 650 795 690 καὶ
831 647 934 702 μετὰ
965 651 1095 690 ταῦτα
1129 647 1335 698 κάκείνους
1357 649 1425 691 καὶ
1447 647 1545 708 τούς
1567 647 1717 700 ἄλλους

233 717 434 773 Ἓλληνας
456 715 616 767 ἀπόνως
638 715 975 773 προσεποιήσατο.
1016 717 1083 758 καὶ
1106 713 1195 758 τότε
1217 717 1290 769 μὲν
1314 715 1365 758 τά
1387 733 1430 759 τε
1453 713 1559 759 ὅπλα
1582 717 1716 761 αὐτῶν

242 788 310 828 καὶ
348 785 426 829 ὅσα
457 786 558 842 πρὸς
590 792 675 835 τοῖς
708 785 829 842 ἷεροῖς
865 785 1060 827 ἀνέκειντο
1095 786 1163 826 καὶ
1194 784 1290 835 τοὺς
1315 782 1557 842 ἀνδριάντας
1576 782 1652 836 τάς
1671 802 1714 828 τε
1727 794 1772 829 lo

243 854 406 911 γραφὰς
429 856 495 896 καὶ
521 854 563 896 εἷ’
578 870 616 895 τι
639 852 739 895 ἄλλο
765 852 866 909 πρὸς
890 852 1041 906 κόσμον
1066 850 1170 906 εἶχον
1187 854 1410 910 παρείλετο,
1448 854 1718 911 πεμφθέντων

44 904 93 984 vl}
107 905 230 989 {1417118
248 923 296 965 δέ
316 922 354 964 οἳ
378 926 450 964 τοῦ
475 939 517 965 τε
541 922 695 979 πατρὸς
718 924 784 963 καὶ
804 921 938 964 ἄλλων
956 922 1019 963 ἐπὶ
1037 919 1280 964 καταστάσει
1297 925 1377 964 τῶν
1394 919 1588 975 ἁλόντων,
1606 924 1717 978 τείχη

245 991 292 1034 τέ
319 1007 437 1034 τινων
468 994 644 1047 περιεῖλε
676 992 742 1033 καὶ
781 990 1022 1046 ἐλευθέρους
1053 987 1207 1039 πάντας
1244 992 1312 1032 καὶ
1343 988 1595 1045 αὐτονόμους
1613 991 1719 1045 πλὴν

240 1063 322 1102 τῶν
358 1060 595 1116 Κορινθίων
630 1059 776 1116 ἀφῆκε.
858 1062 933 1112 τῆς
969 1059 1013 1100 δὲ
1051 1059 1263 1114 Κορίνθου
1297 1055 1393 1108 τούς
1427 1075 1469 1102 τε
1503 1057 1720 1116 οἷκήτορας

243 1128 418 1170 ἀπέδοτο
451 1129 519 1170 καὶ
549 1128 622 1182 τὴν
649 1126 792 1184 χώραν
827 1127 1099 1181 ε’δημοσίωσε,
1141 1124 1194 1168 τά
1229 1143 1271 1169 τε
1305 1127 1415 1182 τείχη
1445 1128 1514 1170 καὶ
1535 1127 1587 1170 τὰ
1610 1126 1772 1171 ἄλλα15

242 1194 550 1251 οἰκοδομήματα
582 1193 713 1238 πάντα
745 1195 996 1250 κατέσκαψε,
1035 1196 1237 1251 φοβηθεὶς
1267 1195 1326 1249 μὴ
1361 1197 1429 1237 καὶ
1461 1189 1587 1247 αὖθις
1615 1197 1720 1247 τινὲς

243 1265 349 1321 πρὸς
385 1264 512 1319 αὐτὴν
547 1261 614 1306 οἶα
650 1265 841 1319 μεγίστην
878 1268 1090 1306 συστῶσιν.
1155 1264 1225 1305 ἵνα
1260 1264 1304 1305 δὲ
1334 1261 1437 1318 μήτε
1467 1281 1528 1314 τις
1560 1265 1718 1307 ἐκείνων

245 1331 358 1390 λάθῃ
382 1331 483 1388 μήτε
507 1338 588 1375 τῶν
612 1336 762 1375 λοιπῶν
784 1350 845 1382 τις
861 1329 1062 1385 Ἑλλήνων
1086 1335 1231 1387 πραθῇ
1256 1329 1311 1382 ὥς
1333 1333 1570 1389 Κορίνθιος,
1601 1350 1718 1376 συνε-

244 1400 409 1452 κάλεσε,
445 1402 538 1457 πρὶν
570 1402 742 1458 ἐκφῆναι
774 1400 818 1442 τὸ
853 1400 1058 1455 ποιητέον,
1095 1398 1247 1449 πάντας
1269 1401 1365 1450 τοὺς
1387 1398 1615 1458 παρόντας,
1650 1403 1720 1444 καὶ

244 1469 395 1520 αὐτοὺς
429 1470 599 1526 ἀφανῶς
630 1487 715 1519 πως
748 1475 832 1518 τοῖς
867 1467 1132 1524 στρατιώταις
1168 1467 1775 1527 ἐγκυκλωσάμενος.ἐκῆρυξε20

242 1536 316 1592 τήν
351 1542 393 1580 τε
425 1542 503 1580 τῶν
538 1537 672 1579 ἄλλων
698 1538 1024 1593 ἐλευθερίανκαὶ
1047 1536 1119 1591 τὴν
1142 1541 1222 1579 τῶν
1248 1538 1482 1594 Κορινθίων
1505 1536 1719 1582 δούλωσιν.

192 1616 221 1650 Β
245 1605 380 1649 ἔπειτα
412 1606 631 1662 προσέταξε
663 1610 763 1648 πᾶσι
795 1610 876 1648 τῶν
908 1603 1219 1661 παρεστηκότων
1251 1607 1366 1662 σφίσι
1390 1606 1621 1660 λαβέσθαι,
1650 1609 1719 1650 καὶ

244 1673 350 1718 οὕτω
375 1680 489 1731 σαφῆ
512 1675 585 1729 τὴν
609 1673 809 1732 διάκρισιν
833 1673 967 1716 αὐτῶν
993 1672 1223 1728 ἐποιήσατο.

301 1807 303 1809 i
336 1815 358 1849 3
383 1811 425 1849 δὲ
451 1827 504 1850 om
529 1813 572 1849 A.
643 1814 666 1850 9
688 1811 734 1848 τά
759 1826 797 1849 τε
821 1815 977 1859 ABGW,
1001 1811 1048 1849 τοὶ
1071 1815 1113 1850 Ρ.
1188 1813 1231 1848 16
1253 1811 1316 1848 καὶ
1340 1826 1395 1849 om
1418 1814 1462 1850 A.
1542 1799 1594 1850 18ν
1609 1812 1721 1859 μήτε]

333 1873 357 1905 η
387 1862 427 1898 Α.
543 1861 588 1895 20
611 1858 890 1905 κυκλωσάμενος
912 1860 954 1897 Α.
1065 1862 1108 1898 21
1134 1871 1172 1894 τε
1199 1871 1252 1894 om
1274 1860 1317 1897 A.
1433 1861 1479 1895 22
1502 1861 1577 1896 τῶν
1598 1873 1652 1896 om
1676 1861 1720 1896 A.

243 1984 379 2029 aliquot
400 1984 538 2029 equites
560 1984 656 2019 misit
677 1984 738 2029 qui
762 1984 881 2018 hostes
906 1995 950 2018 ex
973 1984 1113 2028 obliquo
1136 1984 1435 2029 aggrederentur3
1461 1996 1482 2018 a
1505 1983 1630 2029 quibus
1645 1995 1723 2019 cum

242 2030 376 2064 turbati
401 2035 520 2064 essent
534 2058 543 2071 ‚
573 2031 743 2076 phalange
776 2042 796 2064 a
819 2031 937 2064 fronte
960 2030 1111 2064 adducta
1133 2030 1256 2064 multos
1288 2030 1429 2064 occidit.
1477 2029 1567 2064 unde
1589 2030 1723 2064 Diaeus

244 2076 438 2121 desperatis
470 2078 576 2111 rebus
609 2077 676 2110 sibi
699 2087 819 2110 manus
842 2076 977 2110 attulit.
1025 2088 1069 2110 ex
1093 2076 1138 2109 iis
1163 2086 1246 2109 vero
1270 2075 1330 2120 qui
1354 2087 1374 2109 e
1397 2087 1514 2120 pugna
1537 2080 1724 2110 evaserant

245 2122 423 2156 Corinthii
456 2123 584 2168 passim
628 2123 663 2156 in
708 2122 804 2166 agris
839 2126 921 2156 sunt
948 2121 1121 2166 dispersi,
1162 2122 1293 2156 caeteri
1334 2121 1468 2155 domum
1501 2122 1720 2166 refugerunt.

244 2167 393 2212 proinde
419 2168 598 2202 Corinthii
629 2168 689 2212 qui
719 2167 854 2202 moenia
884 2169 1073 2202 tuebantur
1104 2178 1221 2201 omnes
1253 2166 1400 2212 periisse
1424 2167 1492 2201 rati
1515 2168 1635 2202 urbem
1661 2168 1723 2201 de-

245 2217 442 2249 seruerunt.
490 2226 560 2259 qua
584 2214 767 2248 Mummius
789 2211 876 2247 viris
905 2225 1014 2247 vacua
1036 2217 1137 2258 capta
1165 2218 1202 2246 et
1224 2212 1301 2247 illos
1324 2217 1359 2246 et
1385 2219 1543 2247 caeteros
1558 2214 1724 2248 Graecos

246 2259 338 2293 citra
370 2259 523 2294 laborem
558 2259 701 2295 domuit.
749 2271 790 2293 ac
821 2266 892 2293 tum
926 2260 975 2293 eis
1000 2271 1114 2302 arma,
1151 2258 1296 2292 donaria
1316 2259 1542 2304 templorum,
1574 2264 1725 2303 statuas,

246 2306 406 2349 picturas
439 2310 475 2340 et
506 2305 576 2339 alia
607 2311 808 2340 ornamenta
839 2305 979 2342 ademit.
1029 2310 1131 2351 patre
1160 2309 1275 2338 autem
1299 2304 1374 2338 eius
1399 2315 1473 2339 cum
1498 2304 1575 2339 aliis
1599 2306 1643 2340 ad
1666 2316 1725 2339 res

247 2355 329 2395 post
353 2351 807 2397 victoriamcomponendas
834 2351 952 2394 misso,
976 2351 1190 2396 quorundam
1215 2350 1349 2384 moenia
1364 2351 1515 2392 evertit3
1538 2361 1726 2396 omnesque

223 2408 226 2413 ¹
247 2396 378 2431 liberos
403 2402 439 2431 et
461 2397 516 2432 sui
539 2397 623 2431 iuris
648 2409 727 2431 esse
751 2408 873 2442 passus
897 2402 952 2431 est
975 2402 1115 2441 praeter
1137 2395 1349 2431 Corinthios.
1395 2407 1484 2441 quos
1509 2398 1573 2431 sub
1598 2407 1727 2432 corona

248 2443 418 2485 vendidit,
441 2454 527 2487 agro
553 2454 670 2477 eorum
690 2443 880 2487 publicato,
906 2443 1013 2476 muris
1037 2441 1256 2485 caeterisque
1280 2441 1437 2476 omnibus
1453 2442 1625 2477 aedificiis
1638 2444 1722 2477 sub-

249 2489 374 2530 versis,
399 2489 533 2523 veritus
561 2501 604 2522 ne
628 2501 701 2523 eam
721 2489 781 2522 alii
805 2490 849 2522 ob
871 2493 1005 2522 tantam
1028 2487 1284 2533 amplitudinem
1311 2493 1533 2533 occuparent.
1580 2500 1624 2522 ne
1646 2488 1726 2536 quis

253 2545 334 2568 vero
361 2535 622 2569 Corinthiorum
645 2535 784 2577 lateret,
809 2538 868 2568 aut
891 2534 1031 2568 aliorum
1048 2536 1261 2568 Graecorum
1283 2546 1347 2579 pro
1365 2533 1549 2568 Corinthio
1573 2534 1725 2578 veniret,

252 2591 369 2613 omnes
393 2581 451 2625 qui
477 2581 636 2623 aderant,
659 2581 860 2626 priusquam
884 2581 966 2625 quid
991 2579 1161 2625 agendum
1185 2583 1281 2613 esset
1303 2580 1522 2623 declararet,
1552 2590 1726 2614 convoca—

252 2625 317 2668 vit,
342 2626 456 2670 iisque
479 2627 734 2661 dissimulanter
758 2626 924 2660 militibus
947 2624 1182 2660 circumclusis
1204 2630 1275 2659 tum
1299 2626 1509 2670 reliquorum
1530 2626 1724 2661 libertatem

251 2677 323 2704 tum
346 2671 601 2706 Corinthiorum
632 2672 833 2706 servitutem
868 2671 1121 2716 pronuntiavit..
1166 2671 1291 2704 deinde
1323 2682 1493 2717 quemque
1514 2671 1583 2707 sibi
1606 2671 1725 2718 proxi-

230 2728 341 2751 .mum
367 2718 631 2762 apprehendere
654 2718 770 2762 iussit,
795 2723 834 2752 ut
857 2718 958 2764 plane
982 2718 1277 2752 discernerentur.
