<?xml version="1.0" encoding="UTF-8"?>
<!DOCTYPE html PUBLIC "-//W3C//DTD XHTML 1.0 Transitional//EN"
    "http://www.w3.org/TR/xhtml1/DTD/xhtml1-transitional.dtd">
<html xmlns="http://www.w3.org/1999/xhtml" xml:lang="en" lang="en">
 <head>
  <title>
</title>
<meta http-equiv="Content-Type" content="text/html;charset=utf-8" />
  <meta name='ocr-system' content='tesseract 3.04.00' />
  <meta name='ocr-capabilities' content='ocr_page ocr_carea ocr_par ocr_line ocrx_word'/>
</head>
<body>
  <div class='ocr_page' id='page_1' title='image "./corpusscriptorum30niebuoft_0246.png"; bbox 0 0 1820 3120; ppageno 0'>
   <div class='ocr_carea' id='block_1_1' title="bbox 322 117 1310 164">
    <p class='ocr_par' dir='ltr' id='par_1_1' title="bbox 322 117 1310 164">
     <span class='ocr_line' id='line_1_1' title="bbox 322 117 1310 164; baseline 0.001 -1"><span class='ocrx_word' id='word_1_1' title='bbox 322 118 420 163; x_wconf 83' lang='lat'><em>236</em></span> <span class='ocrx_word' id='word_1_2' title='bbox 791 117 1017 162; x_wconf 91' lang='lat' dir='ltr'><strong>IOANNIS</strong></span> <span class='ocrx_word' id='word_1_3' title='bbox 1052 117 1310 164; x_wconf 82' lang='lat' dir='ltr'><strong>ZONARAE</strong></span> 
     </span>
    </p>
   </div>
   <div class='ocr_carea' id='block_1_2' title="bbox 127 212 1820 1723">
    <p class='ocr_par' dir='ltr' id='par_1_2' title="bbox 127 212 1820 906">
     <span class='ocr_line' id='line_1_2' title="bbox 127 212 1813 294; baseline 0.004 -23"><span class='ocrx_word' id='word_1_4' title='bbox 127 257 172 293; x_wconf 81' lang='lat' dir='ltr'>W</span> <span class='ocrx_word' id='word_1_5' title='bbox 193 255 231 292; x_wconf 74' lang='lat' dir='ltr'><strong>n</strong></span> <span class='ocrx_word' id='word_1_6' title='bbox 252 212 298 294; x_wconf 51' lang='lat'><em>92</em></span> <span class='ocrx_word' id='word_1_7' title='bbox 321 227 628 273; x_wconf 71' lang='grc' dir='ltr'><em>ὑπατευσάντων</em></span> <span class='ocrx_word' id='word_1_8' title='bbox 651 231 691 272; x_wconf 77' lang='lat'><em>0‘2&#39;</em></span> <span class='ocrx_word' id='word_1_9' title='bbox 711 248 752 274; x_wconf 84' lang='grc' dir='ltr'><em>τε</em></span> <span class='ocrx_word' id='word_1_10' title='bbox 780 231 1050 289; x_wconf 78' lang='grc' dir='ltr'><strong><em>Καρχηδόνιοι</em></strong></span> <span class='ocrx_word' id='word_1_11' title='bbox 1074 233 1364 284; x_wconf 79' lang='grc' dir='ltr'><em>ἐλαττωθέντες</em></span> <span class='ocrx_word' id='word_1_12' title='bbox 1393 236 1451 294; x_wconf 74' lang='grc' dir='ltr'><em>τῷ</em></span> <span class='ocrx_word' id='word_1_13' title='bbox 1481 234 1641 294; x_wconf 75' lang='grc' dir='ltr'><em>πολέμῳ</em></span> <span class='ocrx_word' id='word_1_14' title='bbox 1669 253 1777 292; x_wconf 78' lang='grc' dir='ltr'><em>συμ-</em></span> <span class='ocrx_word' id='word_1_15' title='bbox 1808 275 1813 278; x_wconf 91' lang='grc'>.</span> 
     </span>
     <span class='ocr_line' id='line_1_3' title="bbox 318 298 1805 358; baseline 0.005 -19"><span class='ocrx_word' id='word_1_16' title='bbox 318 303 439 353; x_wconf 85' lang='grc' dir='ltr'><em>βῆναι</em></span> <span class='ocrx_word' id='word_1_17' title='bbox 470 298 689 353; x_wconf 73' lang='grc' dir='ltr'><em>ἠθέλησαν,</em></span> <span class='ocrx_word' id='word_1_18' title='bbox 734 302 800 342; x_wconf 85' lang='grc' dir='ltr'><em>καὶ</em></span> <span class='ocrx_word' id='word_1_19' title='bbox 832 299 852 342; x_wconf 82' lang='grc' dir='ltr'><strong>ὃ</strong></span> <span class='ocrx_word' id='word_1_20' title='bbox 883 302 1063 354; x_wconf 78' lang='grc' dir='ltr'><em>Ἀννίβας</em></span> <span class='ocrx_word' id='word_1_21' title='bbox 1095 302 1160 343; x_wconf 82' lang='grc' dir='ltr'><em>καὶ</em></span> <span class='ocrx_word' id='word_1_22' title='bbox 1192 299 1402 357; x_wconf 74' lang='grc' dir='ltr'><em>ὅΜαγών</em></span> <span class='ocrx_word' id='word_1_23' title='bbox 1435 304 1477 345; x_wconf 82' lang='grc' dir='ltr'><em>ἐκ</em></span> <span class='ocrx_word' id='word_1_24' title='bbox 1508 305 1579 358; x_wconf 75' lang='grc' dir='ltr'><em>τῆς</em></span> <span class='ocrx_word' id='word_1_25' title='bbox 1606 305 1805 355; x_wconf 86' lang='grc' dir='ltr'><em>Ἰταλίας,</em></span> 
     </span>
     <span class='ocr_line' id='line_1_4' title="bbox 319 367 1776 430; baseline 0.005 -22"><span class='ocrx_word' id='word_1_26' title='bbox 319 367 511 417; x_wconf 79' lang='grc' dir='ltr'><em>ἐξέπεσον.</em></span> <span class='ocrx_word' id='word_1_27' title='bbox 580 367 618 409; x_wconf 81' lang='grc' dir='ltr'><em>οἶ</em></span> <span class='ocrx_word' id='word_1_28' title='bbox 639 368 711 421; x_wconf 72' lang='grc' dir='ltr'><em>μ’ἐν</em></span> <span class='ocrx_word' id='word_1_29' title='bbox 733 369 810 425; x_wconf 78' lang='grc' dir='ltr'><em>γὰρ</em></span> <span class='ocrx_word' id='word_1_30' title='bbox 840 368 986 411; x_wconf 76' lang='grc' dir='ltr'><em>ὕπατοι</em></span> <span class='ocrx_word' id='word_1_31' title='bbox 1021 372 1078 427; x_wconf 78' lang='grc' dir='ltr'><em>τῷ</em></span> <span class='ocrx_word' id='word_1_32' title='bbox 1105 369 1265 430; x_wconf 71' lang='grc' dir='ltr'><em>Ἀννίβα</em></span> <span class='ocrx_word' id='word_1_33' title='bbox 1297 371 1363 412; x_wconf 83' lang='grc' dir='ltr'><em>καὶ</em></span> <span class='ocrx_word' id='word_1_34' title='bbox 1386 374 1444 428; x_wconf 77' lang='grc' dir='ltr'><em>τῷ</em></span> <span class='ocrx_word' id='word_1_35' title='bbox 1466 373 1642 429; x_wconf 72' lang='grc' dir='ltr'><em>Μαγῶνι</em></span> <span class='ocrx_word' id='word_1_36' title='bbox 1664 373 1776 415; x_wconf 83' lang='grc' dir='ltr'><em>ἀντι-</em></span> 
     </span>
     <span class='ocr_line' id='line_1_5' title="bbox 318 435 1777 492; baseline 0.003 -15"><span class='ocrx_word' id='word_1_37' title='bbox 318 437 578 486; x_wconf 71' lang='grc' dir='ltr'><em>καθίσταντο,</em></span> <span class='ocrx_word' id='word_1_38' title='bbox 613 437 787 479; x_wconf 81' lang='grc' dir='ltr'><em>Σκιπίων</em></span> <span class='ocrx_word' id='word_1_39' title='bbox 821 438 865 479; x_wconf 78' lang='grc' dir='ltr'><em>δὲ</em></span> <span class='ocrx_word' id='word_1_40' title='bbox 895 435 967 491; x_wconf 87' lang='grc' dir='ltr'><em>τήν</em></span> <span class='ocrx_word' id='word_1_41' title='bbox 1001 453 1041 479; x_wconf 83' lang='grc' dir='ltr'><em>τε</em></span> <span class='ocrx_word' id='word_1_42' title='bbox 1065 435 1232 492; x_wconf 82' lang='grc' dir='ltr'><em>Λιβύην</em></span> <span class='ocrx_word' id='word_1_43' title='bbox 1266 437 1409 480; x_wconf 79' lang='grc' dir='ltr'><em>ἐκάκου</em></span> <span class='ocrx_word' id='word_1_44' title='bbox 1440 440 1506 480; x_wconf 78' lang='grc' dir='ltr'><em>καὶ</em></span> <span class='ocrx_word' id='word_1_45' title='bbox 1530 445 1616 491; x_wconf 75' lang='grc' dir='ltr'><em>ταῖς</em></span> <span class='ocrx_word' id='word_1_46' title='bbox 1638 439 1777 483; x_wconf 86' lang='grc' dir='ltr'><em>πόλεσι</em></span> 
     </span>
     <span class='ocr_line' id='line_1_6' title="bbox 319 503 1810 564; baseline 0.004 -20"><span class='ocrx_word' id='word_1_47' title='bbox 319 503 578 560; x_wconf 84' lang='grc' dir='ltr'><em>προσέβαλλε.</em></span> <span class='ocrx_word' id='word_1_48' title='bbox 646 505 720 546; x_wconf 86' lang='grc' dir='ltr'><em>κάν</em></span> <span class='ocrx_word' id='word_1_49' title='bbox 744 503 872 562; x_wconf 81' lang='grc' dir='ltr'><em>τούτῳ</em></span> <span class='ocrx_word' id='word_1_50' title='bbox 895 509 994 547; x_wconf 78' lang='grc' dir='ltr'><em>ναῦν</em></span> <span class='ocrx_word' id='word_1_51' title='bbox 1019 506 1301 561; x_wconf 82' lang='grc' dir='ltr'><em>Καρχηδονίαν</em></span> <span class='ocrx_word' id='word_1_52' title='bbox 1324 506 1462 559; x_wconf 79' lang='grc' dir='ltr'><em>λαβὼν</em></span> <span class='ocrx_word' id='word_1_53' title='bbox 1484 507 1658 564; x_wconf 68' lang='grc' dir='ltr'><em>ἀφῆκεν,</em></span> <span class='ocrx_word' id='word_1_54' title='bbox 1692 510 1810 551; x_wconf 75' lang='grc' dir='ltr'><em>ἐπεὶὸ</em></span> 
     </span>
     <span class='ocr_line' id='line_1_7' title="bbox 319 571 1775 634; baseline 0.004 -22"><span class='ocrx_word' id='word_1_55' title='bbox 319 572 419 628; x_wconf 85' lang='grc' dir='ltr'><em>πρὸς</em></span> <span class='ocrx_word' id='word_1_56' title='bbox 443 571 564 614; x_wconf 71' lang='grc' dir='ltr'><em>αὐτὸν</em></span> <span class='ocrx_word' id='word_1_57' title='bbox 587 573 649 614; x_wconf 83' lang='grc' dir='ltr'><em>ἐπὶ</em></span> <span class='ocrx_word' id='word_1_58' title='bbox 673 575 864 632; x_wconf 71' lang='grc' dir='ltr'><em>πρεσβεία</em></span> <span class='ocrx_word' id='word_1_59' title='bbox 887 573 1146 630; x_wconf 74' lang='grc' dir='ltr'><em>ἀφικνεῖσθαι</em></span> <span class='ocrx_word' id='word_1_60' title='bbox 1170 572 1407 617; x_wconf 87' lang='grc' dir='ltr'><em>ἐπλάσαντο.</em></span> <span class='ocrx_word' id='word_1_61' title='bbox 1473 573 1561 632; x_wconf 79' lang='grc' dir='ltr'><em>ᾔδει</em></span> <span class='ocrx_word' id='word_1_62' title='bbox 1592 575 1666 630; x_wconf 76' lang='grc' dir='ltr'><em>μὲν</em></span> <span class='ocrx_word' id='word_1_63' title='bbox 1697 577 1775 634; x_wconf 78' lang='grc' dir='ltr'><em>γὰρ</em></span> 
     </span>
     <span class='ocr_line' id='line_1_8' title="bbox 318 638 1777 702; baseline 0.003 -20"><span class='ocrx_word' id='word_1_64' title='bbox 318 640 363 682; x_wconf 78' lang='grc' dir='ltr'><em>τὸ</em></span> <span class='ocrx_word' id='word_1_65' title='bbox 404 638 592 694; x_wconf 83' lang='grc' dir='ltr'><em>πλάσμα,</em></span> <span class='ocrx_word' id='word_1_66' title='bbox 647 642 887 696; x_wconf 79' lang='grc' dir='ltr'><em>προετίμησε</em></span> <span class='ocrx_word' id='word_1_67' title='bbox 925 642 968 682; x_wconf 79' lang='grc' dir='ltr'><em>δὲ</em></span> <span class='ocrx_word' id='word_1_68' title='bbox 1001 642 1046 684; x_wconf 83' lang='grc' dir='ltr'><em>τὸ</em></span> <span class='ocrx_word' id='word_1_69' title='bbox 1082 641 1140 695; x_wconf 85' lang='grc' dir='ltr'><em>μὴ</em></span> <span class='ocrx_word' id='word_1_70' title='bbox 1182 644 1456 698; x_wconf 78' lang='grc' dir='ltr'><em>διαβληθῆναι</em></span> <span class='ocrx_word' id='word_1_71' title='bbox 1499 641 1554 693; x_wconf 81' lang='grc' dir='ltr'><em>ὥς</em></span> <span class='ocrx_word' id='word_1_72' title='bbox 1593 643 1777 702; x_wconf 77' lang='grc' dir='ltr'><em>πρέσβεις</em></span> 
     </span>
     <span class='ocr_line' id='line_1_9' title="bbox 317 702 1776 768; baseline 0.003 -19"><span class='ocrx_word' id='word_1_73' title='bbox 317 707 581 763; x_wconf 82' lang='grc' dir='ltr'><em>κατεσχηκώς.</em></span> <span class='ocrx_word' id='word_1_74' title='bbox 650 710 717 750; x_wconf 87' lang='grc' dir='ltr'><em>καὶ</em></span> <span class='ocrx_word' id='word_1_75' title='bbox 743 713 815 751; x_wconf 85' lang='grc' dir='ltr'><em>τοῦ</em></span> <span class='ocrx_word' id='word_1_76' title='bbox 837 707 1030 765; x_wconf 75' lang='grc' dir='ltr'><em>Σόφακος</em></span> <span class='ocrx_word' id='word_1_77' title='bbox 1052 707 1296 766; x_wconf 81' lang='grc' dir='ltr'><em>πράττοντος</em></span> <span class='ocrx_word' id='word_1_78' title='bbox 1318 711 1374 753; x_wconf 67' lang='grc' dir='ltr'><em>ἔτι</em></span> <span class='ocrx_word' id='word_1_79' title='bbox 1399 708 1640 768; x_wconf 76' lang='grc' dir='ltr'><em>διαλλαγάς,</em></span> <span class='ocrx_word' id='word_1_80' title='bbox 1674 702 1776 755; x_wconf 77' lang='grc' dir='ltr'><em>ὥστε</em></span> 
     </span>
     <span class='ocr_line' id='line_1_10' title="bbox 317 773 1776 835; baseline 0.003 -18"><span class='ocrx_word' id='word_1_81' title='bbox 317 777 359 817; x_wconf 79' lang='grc' dir='ltr'><em>ἐκ</em></span> <span class='ocrx_word' id='word_1_82' title='bbox 382 781 453 830; x_wconf 84' lang='grc' dir='ltr'><em>τῆς</em></span> <span class='ocrx_word' id='word_1_83' title='bbox 475 773 642 830; x_wconf 77' lang='grc' dir='ltr'><em>Λιβύης</em></span> <span class='ocrx_word' id='word_1_84' title='bbox 672 777 745 829; x_wconf 75' lang='grc' dir='ltr'><em>μὲν</em></span> <span class='ocrx_word' id='word_1_85' title='bbox 777 776 845 819; x_wconf 81' lang='grc' dir='ltr'><em>τὸν</em></span> <span class='ocrx_word' id='word_1_86' title='bbox 867 778 1094 829; x_wconf 87' lang='grc' dir='ltr'><em>Σκιπίωνα,</em></span> <span class='ocrx_word' id='word_1_87' title='bbox 1143 779 1212 820; x_wconf 84' lang='grc' dir='ltr'><em>τὸν</em></span> <span class='ocrx_word' id='word_1_88' title='bbox 1238 781 1262 821; x_wconf 90' lang='grc' dir='ltr'><em>δ</em></span> <span class='ocrx_word' id='word_1_89' title='bbox 1268 780 1281 795; x_wconf 78' lang='lat'>²</span> <span class='ocrx_word' id='word_1_90' title='bbox 1312 779 1494 834; x_wconf 78' lang='grc' dir='ltr'><em>Ἀννίβαν</em></span> <span class='ocrx_word' id='word_1_91' title='bbox 1517 780 1559 822; x_wconf 83' lang='grc' dir='ltr'><em>ἐκ</em></span> <span class='ocrx_word' id='word_1_92' title='bbox 1582 783 1654 835; x_wconf 82' lang='grc' dir='ltr'><em>τῆς</em></span> <span class='ocrx_word' id='word_1_93' title='bbox 1670 780 1776 822; x_wconf 88' lang='grc' dir='ltr'><em>Ἰτα-</em></span> 
     </span>
     <span class='ocr_line' id='line_1_11' title="bbox 316 844 1820 906; baseline 0.004 -22"><span class='ocrx_word' id='word_1_94' title='bbox 316 846 405 893; x_wconf 89' lang='grc' dir='ltr'><em>λίας</em></span> <span class='ocrx_word' id='word_1_95' title='bbox 428 845 602 900; x_wconf 79' lang='grc' dir='ltr'><em>ἀπᾶραι,</em></span> <span class='ocrx_word' id='word_1_96' title='bbox 639 846 799 895; x_wconf 76' lang='grc' dir='ltr'><em>ἐδέξατο</em></span> <span class='ocrx_word' id='word_1_97' title='bbox 831 845 900 888; x_wconf 86' lang='grc' dir='ltr'><em>τὸν</em></span> <span class='ocrx_word' id='word_1_98' title='bbox 923 844 1052 901; x_wconf 81' lang='grc' dir='ltr'><em>λόγον,</em></span> <span class='ocrx_word' id='word_1_99' title='bbox 1089 847 1162 901; x_wconf 76' lang='grc' dir='ltr'><em>οὐχ</em></span> <span class='ocrx_word' id='word_1_100' title='bbox 1186 845 1240 896; x_wconf 83' lang='grc' dir='ltr'><em>ὥς</em></span> <span class='ocrx_word' id='word_1_101' title='bbox 1261 846 1456 890; x_wconf 75' lang='grc' dir='ltr'><em>πιστεύων</em></span> <span class='ocrx_word' id='word_1_102' title='bbox 1479 846 1621 906; x_wconf 69' lang='grc' dir='ltr'><em>αὐτῷ,</em></span> <span class='ocrx_word' id='word_1_103' title='bbox 1638 849 1708 890; x_wconf 70' lang='grc' dir='ltr'><em>ἵνα</em></span> <span class='ocrx_word' id='word_1_104' title='bbox 1731 849 1775 891; x_wconf 81' lang='grc' dir='ltr'><em>δέ</em></span> <span class='ocrx_word' id='word_1_105' title='bbox 1787 851 1820 890; x_wconf 73' lang='lat' dir='ltr'><em>l&lt;</em></span> 
     </span>
    </p>

    <p class='ocr_par' dir='ltr' id='par_1_3' title="bbox 130 910 1820 1723">
     <span class='ocr_line' id='line_1_12' title="bbox 262 910 1776 971; baseline 0.004 -19"><span class='ocrx_word' id='word_1_106' title='bbox 262 922 294 956; x_wconf 92' lang='lat' dir='ltr'>D</span> <span class='ocrx_word' id='word_1_107' title='bbox 319 911 455 969; x_wconf 79' lang='grc' dir='ltr'><em>σφήλῃ</em></span> <span class='ocrx_word' id='word_1_108' title='bbox 489 910 622 954; x_wconf 80' lang='grc' dir='ltr'><em>αὐτόν.</em></span> <span class='ocrx_word' id='word_1_109' title='bbox 692 917 772 955; x_wconf 80' lang='grc' dir='ltr'><em>τῶν</em></span> <span class='ocrx_word' id='word_1_110' title='bbox 805 914 881 970; x_wconf 78' lang='grc' dir='ltr'><em>γὰρ</em></span> <span class='ocrx_word' id='word_1_111' title='bbox 914 918 1169 970; x_wconf 83' lang='grc' dir='ltr'><em>στρατιωτῶν</em></span> <span class='ocrx_word' id='word_1_112' title='bbox 1204 914 1346 963; x_wconf 81' lang='grc' dir='ltr'><em>ἄλλοτε</em></span> <span class='ocrx_word' id='word_1_113' title='bbox 1382 915 1529 967; x_wconf 74' lang='grc' dir='ltr'><em>ἄλλους</em></span> <span class='ocrx_word' id='word_1_114' title='bbox 1562 915 1666 958; x_wconf 76' lang='grc' dir='ltr'><em>κατὰ</em></span> <span class='ocrx_word' id='word_1_115' title='bbox 1701 916 1776 971; x_wconf 87' lang='grc' dir='ltr'><em>τὴν</em></span> 
     </span>
     <span class='ocr_line' id='line_1_13' title="bbox 229 980 1776 1040; baseline 0.002 -18"><span class='ocrx_word' id='word_1_116' title='bbox 229 990 243 1006; x_wconf 87' lang='grc'><em>·</em></span> <span class='ocrx_word' id='word_1_117' title='bbox 316 985 393 1022; x_wconf 84' lang='grc' dir='ltr'><em>τῶν</em></span> <span class='ocrx_word' id='word_1_118' title='bbox 426 981 609 1022; x_wconf 82' lang='grc' dir='ltr'><em>σπονδῶν</em></span> <span class='ocrx_word' id='word_1_119' title='bbox 641 980 845 1038; x_wconf 90' lang='grc' dir='ltr'><em>πρόφασιν</em></span> <span class='ocrx_word' id='word_1_120' title='bbox 877 982 918 1032; x_wconf 81' lang='grc' dir='ltr'><em>ἐς</em></span> <span class='ocrx_word' id='word_1_121' title='bbox 949 982 994 1024; x_wconf 87' lang='grc' dir='ltr'><em>τὸ</em></span> <span class='ocrx_word' id='word_1_122' title='bbox 1019 981 1291 1038; x_wconf 85' lang='grc' dir='ltr'><em>στρατόπεδον</em></span> <span class='ocrx_word' id='word_1_123' title='bbox 1313 983 1358 1026; x_wconf 83' lang='grc' dir='ltr'><em>τὸ</em></span> <span class='ocrx_word' id='word_1_124' title='bbox 1376 985 1462 1027; x_wconf 80' lang='grc' dir='ltr'><em>τῶν</em></span> <span class='ocrx_word' id='word_1_125' title='bbox 1487 985 1776 1040; x_wconf 83' lang='grc' dir='ltr'><em>Καρχηδονίων</em></span> 
     </span>
     <span class='ocr_line' id='line_1_14' title="bbox 315 1049 1777 1109; baseline 0.004 -20"><span class='ocrx_word' id='word_1_126' title='bbox 315 1049 479 1102; x_wconf 77' lang='grc' dir='ltr'><em>πέμπων</em></span> <span class='ocrx_word' id='word_1_127' title='bbox 502 1051 568 1090; x_wconf 82' lang='grc' dir='ltr'><em>καὶ</em></span> <span class='ocrx_word' id='word_1_128' title='bbox 592 1049 636 1090; x_wconf 86' lang='grc' dir='ltr'><em>τὸ</em></span> <span class='ocrx_word' id='word_1_129' title='bbox 660 1054 731 1092; x_wconf 82' lang='grc' dir='ltr'><em>τοῦ</em></span> <span class='ocrx_word' id='word_1_130' title='bbox 758 1049 950 1106; x_wconf 78' lang='grc' dir='ltr'><em>Σόφακος</em></span> <span class='ocrx_word' id='word_1_131' title='bbox 958 1082 971 1101; x_wconf 93' lang='grc'><em>,</em></span> <span class='ocrx_word' id='word_1_132' title='bbox 1016 1052 1097 1093; x_wconf 82' lang='grc' dir='ltr'><em>ἐπεὶ</em></span> <span class='ocrx_word' id='word_1_133' title='bbox 1122 1052 1260 1093; x_wconf 81' lang='grc' dir='ltr'><em>ἐκεῖνοι</em></span> <span class='ocrx_word' id='word_1_134' title='bbox 1283 1050 1413 1095; x_wconf 83' lang='grc' dir='ltr'><em>πάντα</em></span> <span class='ocrx_word' id='word_1_135' title='bbox 1435 1052 1486 1095; x_wconf 79' lang='grc' dir='ltr'><em>τὰ</em></span> <span class='ocrx_word' id='word_1_136' title='bbox 1512 1051 1614 1109; x_wconf 73' lang='grc' dir='ltr'><em>παρ’</em></span> <span class='ocrx_word' id='word_1_137' title='bbox 1641 1052 1777 1102; x_wconf 72' lang='grc' dir='ltr'><em>αὐτοῖς</em></span> 
     </span>
     <span class='ocr_line' id='line_1_15' title="bbox 314 1117 1774 1177; baseline 0.003 -19"><span class='ocrx_word' id='word_1_138' title='bbox 314 1118 634 1177; x_wconf 80' lang='grc' dir='ltr'><em>κατεσκέψαντο,</em></span> <span class='ocrx_word' id='word_1_139' title='bbox 679 1118 750 1172; x_wconf 81' lang='grc' dir='ltr'><em>τὴν</em></span> <span class='ocrx_word' id='word_1_140' title='bbox 784 1117 986 1171; x_wconf 75' lang='grc' dir='ltr'><em>σύμβασιν</em></span> <span class='ocrx_word' id='word_1_141' title='bbox 1020 1119 1096 1160; x_wconf 78' lang='grc' dir='ltr'><em>ἀπ’</em></span> <span class='ocrx_word' id='word_1_142' title='bbox 1131 1118 1295 1175; x_wconf 81' lang='grc' dir='ltr'><em>εὐλόγου</em></span> <span class='ocrx_word' id='word_1_143' title='bbox 1337 1118 1387 1175; x_wconf 88' lang='grc' dir='ltr'><em>δή</em></span> <span class='ocrx_word' id='word_1_144' title='bbox 1428 1137 1533 1170; x_wconf 84' lang='grc' dir='ltr'><em>τινος</em></span> <span class='ocrx_word' id='word_1_145' title='bbox 1571 1118 1774 1175; x_wconf 77' lang='grc' dir='ltr'><em>σκήψεως,</em></span> 
     </span>
     <span class='ocr_line' id='line_1_16' title="bbox 313 1184 1820 1247; baseline 0.002 -21"><span class='ocrx_word' id='word_1_146' title='bbox 313 1184 445 1235; x_wconf 75' lang='grc' dir='ltr'><em>ἄλλως</em></span> <span class='ocrx_word' id='word_1_147' title='bbox 467 1202 508 1227; x_wconf 91' lang='grc' dir='ltr'><em>τε</em></span> <span class='ocrx_word' id='word_1_148' title='bbox 533 1188 599 1227; x_wconf 87' lang='grc' dir='ltr'><em>καὶ</em></span> <span class='ocrx_word' id='word_1_149' title='bbox 623 1185 683 1227; x_wconf 81' lang='grc' dir='ltr'><em>ὅτι</em></span> <span class='ocrx_word' id='word_1_150' title='bbox 707 1184 727 1228; x_wconf 86' lang='grc' dir='ltr'><strong>ὅ</strong></span> <span class='ocrx_word' id='word_1_151' title='bbox 752 1185 898 1242; x_wconf 77' lang='grc' dir='ltr'><em>Σύφαξ</em></span> <span class='ocrx_word' id='word_1_152' title='bbox 921 1186 1187 1241; x_wconf 76' lang='grc' dir='ltr'><em>ἐπιβουλεύων</em></span> <span class='ocrx_word' id='word_1_153' title='bbox 1210 1187 1409 1244; x_wconf 81' lang='grc' dir='ltr'><em>ἐφωράθη</em></span> <span class='ocrx_word' id='word_1_154' title='bbox 1441 1193 1499 1246; x_wconf 76' lang='grc' dir='ltr'><em>τῷ</em></span> <span class='ocrx_word' id='word_1_155' title='bbox 1520 1190 1772 1247; x_wconf 74' lang='grc' dir='ltr'><em>Μασινίσσᾳ,</em></span> <span class='ocrx_word' id='word_1_156' title='bbox 1786 1194 1820 1229; x_wconf 72' lang='grc'><em>15</em></span> 
     </span>
     <span class='ocr_line' id='line_1_17' title="bbox 315 1249 1774 1312; baseline 0.003 -18"><span class='ocrx_word' id='word_1_157' title='bbox 315 1252 588 1309; x_wconf 78' lang='grc' dir='ltr'><em>διεκρούσατο.</em></span> <span class='ocrx_word' id='word_1_158' title='bbox 630 1254 771 1304; x_wconf 79' lang='grc' dir='ltr'><em>νυκτὸς</em></span> <span class='ocrx_word' id='word_1_159' title='bbox 796 1255 836 1296; x_wconf 75' lang='grc' dir='ltr'><em>δ’</em></span> <span class='ocrx_word' id='word_1_160' title='bbox 862 1249 990 1309; x_wconf 75' lang='grc' dir='ltr'><em>ἦλθεν</em></span> <span class='ocrx_word' id='word_1_161' title='bbox 1013 1258 1068 1305; x_wconf 79' lang='grc' dir='ltr'><em>εἷς</em></span> <span class='ocrx_word' id='word_1_162' title='bbox 1091 1256 1140 1297; x_wconf 84' lang='grc' dir='ltr'><em>τὰ</em></span> <span class='ocrx_word' id='word_1_163' title='bbox 1165 1255 1418 1312; x_wconf 84' lang='grc' dir='ltr'><em>στρατόπεδα</em></span> <span class='ocrx_word' id='word_1_164' title='bbox 1441 1257 1574 1299; x_wconf 76' lang='grc' dir='ltr'><em>αὐτῶν</em></span> <span class='ocrx_word' id='word_1_165' title='bbox 1598 1257 1646 1299; x_wconf 81' lang='grc' dir='ltr'><em>οὗ</em></span> <span class='ocrx_word' id='word_1_166' title='bbox 1668 1255 1774 1298; x_wconf 80' lang='grc' dir='ltr'><em>πάνυ</em></span> 
     </span>
     <span class='ocr_line' id='line_1_18' title="bbox 315 1321 1775 1381; baseline 0.003 -19"><span class='ocrx_word' id='word_1_167' title='bbox 315 1321 499 1376; x_wconf 85' lang='grc' dir='ltr'><em>ἀλλήλων</em></span> <span class='ocrx_word' id='word_1_168' title='bbox 537 1322 739 1376; x_wconf 85' lang='grc' dir='ltr'><em>διέχοντα,</em></span> <span class='ocrx_word' id='word_1_169' title='bbox 774 1324 841 1364; x_wconf 84' lang='grc' dir='ltr'><em>καὶ</em></span> <span class='ocrx_word' id='word_1_170' title='bbox 874 1327 953 1379; x_wconf 83' lang='grc' dir='ltr'><em>πῦρ</em></span> <span class='ocrx_word' id='word_1_171' title='bbox 988 1324 1028 1373; x_wconf 82' lang='grc' dir='ltr'><em>ἐς</em></span> <span class='ocrx_word' id='word_1_172' title='bbox 1058 1324 1101 1365; x_wconf 87' lang='grc' dir='ltr'><em>τὸ</em></span> <span class='ocrx_word' id='word_1_173' title='bbox 1136 1328 1209 1366; x_wconf 80' lang='grc' dir='ltr'><em>τοῦ</em></span> <span class='ocrx_word' id='word_1_174' title='bbox 1238 1324 1487 1381; x_wconf 78' lang='grc' dir='ltr'><em>Ἀσδρούβου</em></span> <span class='ocrx_word' id='word_1_175' title='bbox 1520 1323 1775 1378; x_wconf 83' lang='grc' dir='ltr'><em>πολλαχόθεν</em></span> 
     </span>
     <span class='ocr_line' id='line_1_19' title="bbox 314 1387 1775 1450; baseline 0.003 -20"><span class='ocrx_word' id='word_1_176' title='bbox 314 1387 399 1442; x_wconf 81' lang='grc' dir='ltr'><em>ἅμα</em></span> <span class='ocrx_word' id='word_1_177' title='bbox 435 1388 621 1443; x_wconf 69' lang='grc' dir='ltr'><em>ὑπέβαλε.</em></span> <span class='ocrx_word' id='word_1_178' title='bbox 690 1392 755 1432; x_wconf 84' lang='grc' dir='ltr'><em>καὶ</em></span> <span class='ocrx_word' id='word_1_179' title='bbox 780 1391 1083 1446; x_wconf 84' lang='grc' dir='ltr'><em>ἐμπρησθέντος</em></span> <span class='ocrx_word' id='word_1_180' title='bbox 1105 1391 1234 1450; x_wconf 75' lang='grc' dir='ltr'><em>ῥᾷστα</em></span> <span class='ocrx_word' id='word_1_181' title='bbox 1259 1393 1384 1435; x_wconf 83' lang='grc' dir='ltr'><em>αὐτοῦ</em></span> <span class='ocrx_word' id='word_1_182' title='bbox 1408 1393 1468 1447; x_wconf 87' lang='grc' dir='ltr'><em>(ἐκ</em></span> <span class='ocrx_word' id='word_1_183' title='bbox 1491 1392 1566 1448; x_wconf 78' lang='grc' dir='ltr'><em>γὰρ</em></span> <span class='ocrx_word' id='word_1_184' title='bbox 1590 1392 1775 1447; x_wconf 83' lang='grc' dir='ltr'><em>καλάμης</em></span> 
     </span>
     <span class='ocr_line' id='line_1_20' title="bbox 311 1457 1775 1516; baseline 0.002 -17"><span class='ocrx_word' id='word_1_185' title='bbox 311 1460 377 1499; x_wconf 84' lang='grc' dir='ltr'><em>καὶ</em></span> <span class='ocrx_word' id='word_1_186' title='bbox 402 1459 444 1499; x_wconf 86' lang='grc' dir='ltr'><em>ἐκ</em></span> <span class='ocrx_word' id='word_1_187' title='bbox 469 1457 686 1514; x_wconf 84' lang='grc' dir='ltr'><em>φυλλάδων</em></span> <span class='ocrx_word' id='word_1_188' title='bbox 708 1460 938 1513; x_wconf 82' lang='grc' dir='ltr'><em>ἐπεποίηντο</em></span> <span class='ocrx_word' id='word_1_189' title='bbox 963 1459 1099 1509; x_wconf 76' lang='grc' dir='ltr'><em>αὐτοῖς</em></span> <span class='ocrx_word' id='word_1_190' title='bbox 1123 1461 1165 1502; x_wconf 77' lang='grc' dir='ltr'><em>αἱ</em></span> <span class='ocrx_word' id='word_1_191' title='bbox 1188 1461 1347 1516; x_wconf 80' lang='grc' dir='ltr'><em>σκηναί)</em></span> <span class='ocrx_word' id='word_1_192' title='bbox 1373 1462 1416 1502; x_wconf 72' lang='grc' dir='ltr'><em>οἵ</em></span> <span class='ocrx_word' id='word_1_193' title='bbox 1435 1478 1475 1503; x_wconf 87' lang='grc' dir='ltr'><em>τε</em></span> <span class='ocrx_word' id='word_1_194' title='bbox 1500 1460 1775 1516; x_wconf 82' lang='grc' dir='ltr'><em>Καρχηδόνιοι</em></span> 
     </span>
     <span class='ocr_line' id='line_1_21' title="bbox 311 1526 1820 1585; baseline 0.001 -18"><span class='ocrx_word' id='word_1_195' title='bbox 311 1530 443 1576; x_wconf 80' lang='grc' dir='ltr'><em>κακῶς</em></span> <span class='ocrx_word' id='word_1_196' title='bbox 477 1526 725 1580; x_wconf 80' lang='grc' dir='ltr'><em>ἀπήλλαξαν,</em></span> <span class='ocrx_word' id='word_1_197' title='bbox 779 1528 845 1568; x_wconf 84' lang='grc' dir='ltr'><em>καὶ</em></span> <span class='ocrx_word' id='word_1_198' title='bbox 883 1527 919 1568; x_wconf 80' lang='grc' dir='ltr'><em>οἳ</em></span> <span class='ocrx_word' id='word_1_199' title='bbox 957 1530 1044 1585; x_wconf 82' lang='grc' dir='ltr'><em>περὶ</em></span> <span class='ocrx_word' id='word_1_200' title='bbox 1081 1527 1148 1570; x_wconf 83' lang='grc' dir='ltr'><em>τὸν</em></span> <span class='ocrx_word' id='word_1_201' title='bbox 1181 1526 1356 1585; x_wconf 71' lang='grc' dir='ltr'><em>Σόφακα</em></span> <span class='ocrx_word' id='word_1_202' title='bbox 1390 1533 1600 1584; x_wconf 78' lang='grc' dir='ltr'><em>βοηθῆσαι</em></span> <span class='ocrx_word' id='word_1_203' title='bbox 1637 1529 1820 1578; x_wconf 64' lang='grc' dir='ltr'><em>αὗτοΐςΞΕ</em></span> 
     </span>
     <span class='ocr_line' id='line_1_22' title="bbox 311 1593 1773 1654; baseline 0.001 -18"><span class='ocrx_word' id='word_1_204' title='bbox 311 1593 574 1648; x_wconf 78' lang='grc' dir='ltr'><em>ἐθελήσαντες</em></span> <span class='ocrx_word' id='word_1_205' title='bbox 605 1601 688 1645; x_wconf 77' lang='grc' dir='ltr'><em>τοῖς</em></span> <span class='ocrx_word' id='word_1_206' title='bbox 720 1612 760 1637; x_wconf 90' lang='grc' dir='ltr'><em>τε</em></span> <span class='ocrx_word' id='word_1_207' title='bbox 788 1593 1001 1648; x_wconf 84' lang='grc' dir='ltr'><em>Ῥωμαίοις</em></span> <span class='ocrx_word' id='word_1_208' title='bbox 1032 1602 1114 1645; x_wconf 78' lang='grc' dir='ltr'><em>τοῖς</em></span> <span class='ocrx_word' id='word_1_209' title='bbox 1150 1597 1397 1653; x_wconf 83' lang='grc' dir='ltr'><em>περιέχουσιν</em></span> <span class='ocrx_word' id='word_1_210' title='bbox 1427 1597 1670 1654; x_wconf 84' lang='grc' dir='ltr'><em>περιέπεσον,</em></span> <span class='ocrx_word' id='word_1_211' title='bbox 1705 1598 1773 1638; x_wconf 82' lang='grc' dir='ltr'><em>καὶ</em></span> 
     </span>
     <span class='ocr_line' id='line_1_23' title="bbox 130 1661 1775 1723; baseline 0.004 -24"><span class='ocrx_word' id='word_1_212' title='bbox 130 1665 157 1699; x_wconf 90' lang='grc' dir='ltr'>Ρ</span> <span class='ocrx_word' id='word_1_213' title='bbox 180 1664 199 1700; x_wconf 94' lang='grc' dir='ltr'>Ι</span> <span class='ocrx_word' id='word_1_214' title='bbox 221 1664 290 1703; x_wconf 82' lang='lat'><em>439</em></span> <span class='ocrx_word' id='word_1_215' title='bbox 314 1663 427 1706; x_wconf 80' lang='grc' dir='ltr'><em>αὐτοὶ</em></span> <span class='ocrx_word' id='word_1_216' title='bbox 450 1661 680 1715; x_wconf 82' lang='grc' dir='ltr'><em>ἀπώλοντο,</em></span> <span class='ocrx_word' id='word_1_217' title='bbox 716 1665 781 1706; x_wconf 85' lang='grc' dir='ltr'><em>καὶ</em></span> <span class='ocrx_word' id='word_1_218' title='bbox 805 1664 850 1705; x_wconf 83' lang='grc' dir='ltr'><em>τὸ</em></span> <span class='ocrx_word' id='word_1_219' title='bbox 876 1663 1145 1721; x_wconf 85' lang='grc' dir='ltr'><em>στρατόπεδον</em></span> <span class='ocrx_word' id='word_1_220' title='bbox 1170 1663 1502 1723; x_wconf 85' lang='grc' dir='ltr'><em>προσενεπρήσθη</em></span> <span class='ocrx_word' id='word_1_221' title='bbox 1527 1665 1673 1716; x_wconf 76' lang='grc' dir='ltr'><em>αὐτῶν,</em></span> <span class='ocrx_word' id='word_1_222' title='bbox 1705 1666 1775 1707; x_wconf 85' lang='grc' dir='ltr'><em>καὶ</em></span> 
     </span>
    </p>
   </div>
   <div class='ocr_carea' id='block_1_3' title="bbox 402 1787 1772 2018">
    <p class='ocr_par' dir='ltr' id='par_1_4' title="bbox 402 1787 1772 2018">
     <span class='ocr_line' id='line_1_24' title="bbox 403 1787 1772 1839; baseline -0.001 -11"><span class='ocrx_word' id='word_1_223' title='bbox 403 1794 426 1828; x_wconf 80' lang='lat'><strong>2</strong></span> <span class='ocrx_word' id='word_1_224' title='bbox 449 1788 639 1836; x_wconf 79' lang='grc' dir='ltr'><em>ἠθέλησαν</em></span> <span class='ocrx_word' id='word_1_225' title='bbox 661 1793 713 1835; x_wconf 89' lang='lat' dir='ltr'><em>C,</em></span> <span class='ocrx_word' id='word_1_226' title='bbox 753 1787 936 1836; x_wconf 79' lang='grc' dir='ltr'><em>ἐθέλησαν</em></span> <span class='ocrx_word' id='word_1_227' title='bbox 959 1795 1049 1828; x_wconf 93' lang='lat' dir='ltr'><em>PW.</em></span> <span class='ocrx_word' id='word_1_228' title='bbox 1232 1793 1254 1827; x_wconf 83' lang='lat'>5</span> <span class='ocrx_word' id='word_1_229' title='bbox 1278 1789 1349 1826; x_wconf 76' lang='grc' dir='ltr'><em>κάν</em></span> <span class='ocrx_word' id='word_1_230' title='bbox 1372 1789 1490 1837; x_wconf 77' lang='grc' dir='ltr'><em>τούτῳ</em></span> <span class='ocrx_word' id='word_1_231' title='bbox 1514 1812 1560 1819; x_wconf 90' lang='lat'><em>—-</em></span> <span class='ocrx_word' id='word_1_232' title='bbox 1584 1794 1626 1827; x_wconf 90' lang='lat' dir='ltr'><em>ll</em></span> <span class='ocrx_word' id='word_1_233' title='bbox 1650 1790 1772 1839; x_wconf 82' lang='grc' dir='ltr'><em>σφήλῃ</em></span> 
     </span>
     <span class='ocr_line' id='line_1_25' title="bbox 402 1835 1772 1882; baseline 0.001 -10"><span class='ocrx_word' id='word_1_234' title='bbox 402 1835 515 1872; x_wconf 79' lang='grc' dir='ltr'><em>αὐτόν</em></span> <span class='ocrx_word' id='word_1_235' title='bbox 537 1838 659 1871; x_wconf 88' lang='lat' dir='ltr'><strong>Dionis</strong></span> <span class='ocrx_word' id='word_1_236' title='bbox 683 1843 881 1881; x_wconf 81' lang='lat' dir='ltr'><strong>excerptum</strong></span> <span class='ocrx_word' id='word_1_237' title='bbox 905 1838 1162 1872; x_wconf 82' lang='lat' dir='ltr'><strong>Peiresciauum</strong></span> <span class='ocrx_word' id='word_1_238' title='bbox 1187 1837 1242 1872; x_wconf 75' lang='lat'><em>65.</em></span> <span class='ocrx_word' id='word_1_239' title='bbox 1353 1838 1610 1882; x_wconf 82' lang='grc' dir='ltr'><em>καρχηδονίων</em></span> <span class='ocrx_word' id='word_1_240' title='bbox 1632 1838 1679 1873; x_wconf 81' lang='lat' dir='ltr'><em>A:</em></span> <span class='ocrx_word' id='word_1_241' title='bbox 1703 1840 1772 1873; x_wconf 87' lang='lat' dir='ltr'><em>Dio</em></span> 
     </span>
     <span class='ocr_line' id='line_1_26' title="bbox 402 1879 1770 1928; baseline 0.001 -11"><span class='ocrx_word' id='word_1_242' title='bbox 402 1882 676 1927; x_wconf 83' lang='grc' dir='ltr'><em>Καρχηδονίαν.</em></span> <span class='ocrx_word' id='word_1_243' title='bbox 776 1882 799 1916; x_wconf 85' lang='grc'>8</span> <span class='ocrx_word' id='word_1_244' title='bbox 823 1888 904 1927; x_wconf 86' lang='lat' dir='ltr'><strong>post</strong></span> <span class='ocrx_word' id='word_1_245' title='bbox 927 1879 1016 1917; x_wconf 74' lang='grc' dir='ltr'><em>ὥστε</em></span> <span class='ocrx_word' id='word_1_246' title='bbox 1040 1884 1067 1917; x_wconf 94' lang='grc' dir='ltr'>Ρ</span> <span class='ocrx_word' id='word_1_247' title='bbox 1092 1885 1160 1917; x_wconf 86' lang='lat' dir='ltr'><strong>add</strong></span> <span class='ocrx_word' id='word_1_248' title='bbox 1183 1882 1264 1928; x_wconf 80' lang='grc' dir='ltr'><em>καὶ,</em></span> <span class='ocrx_word' id='word_1_249' title='bbox 1289 1895 1343 1918; x_wconf 90' lang='lat' dir='ltr'><strong>om</strong></span> <span class='ocrx_word' id='word_1_250' title='bbox 1363 1884 1520 1918; x_wconf 84' lang='lat' dir='ltr'><strong>ABCW.</strong></span> <span class='ocrx_word' id='word_1_251' title='bbox 1623 1885 1667 1919; x_wconf 73' lang='lat'><em>14</em></span> <span class='ocrx_word' id='word_1_252' title='bbox 1691 1881 1770 1918; x_wconf 68' lang='grc' dir='ltr'><em>σκέ-</em></span> 
     </span>
     <span class='ocr_line' id='line_1_27' title="bbox 403 1925 1770 1975; baseline 0.001 -13"><span class='ocrx_word' id='word_1_253' title='bbox 403 1935 501 1970; x_wconf 80' lang='grc' dir='ltr'><em>ψεως</em></span> <span class='ocrx_word' id='word_1_254' title='bbox 524 1929 566 1964; x_wconf 86' lang='lat' dir='ltr'><em>C.</em></span> <span class='ocrx_word' id='word_1_255' title='bbox 667 1927 709 1962; x_wconf 84' lang='lat'><em>17</em></span> <span class='ocrx_word' id='word_1_256' title='bbox 734 1925 787 1967; x_wconf 87' lang='grc' dir='ltr'><em>είς</em></span> <span class='ocrx_word' id='word_1_257' title='bbox 809 1930 851 1964; x_wconf 88' lang='lat' dir='ltr'><em>A.</em></span> <span class='ocrx_word' id='word_1_258' title='bbox 953 1928 998 1963; x_wconf 88' lang='grc'><em>18</em></span> <span class='ocrx_word' id='word_1_259' title='bbox 1018 1925 1199 1975; x_wconf 78' lang='grc' dir='ltr'><em>ὑπέβαλλε</em></span> <span class='ocrx_word' id='word_1_260' title='bbox 1222 1930 1264 1966; x_wconf 88' lang='grc' dir='ltr'><em>Α.</em></span> <span class='ocrx_word' id='word_1_261' title='bbox 1365 1931 1409 1965; x_wconf 84' lang='lat'><em>21</em></span> <span class='ocrx_word' id='word_1_262' title='bbox 1434 1926 1675 1975; x_wconf 77' lang='grc' dir='ltr'><em>ἐθελήσαντες</em></span> <span class='ocrx_word' id='word_1_263' title='bbox 1694 1930 1770 1974; x_wconf 82' lang='grc' dir='ltr'><em>ΑΟ,</em></span> 
     </span>
     <span class='ocr_line' id='line_1_28' title="bbox 403 1971 1624 2018; baseline -0.001 -9"><span class='ocrx_word' id='word_1_264' title='bbox 403 1971 649 2018; x_wconf 79' lang='grc' dir='ltr'><em>ἐθελήσαντας</em></span> <span class='ocrx_word' id='word_1_265' title='bbox 670 1974 759 2008; x_wconf 86' lang='lat' dir='ltr'><em>PW.</em></span> <span class='ocrx_word' id='word_1_266' title='bbox 1619 1989 1624 1992; x_wconf 93' lang='lat'>·</span> 
     </span>
    </p>
   </div>
   <div class='ocr_carea' id='block_1_4' title="bbox 307 2086 1794 2819">
    <p class='ocr_par' dir='ltr' id='par_1_5' title="bbox 307 2086 1794 2819">
     <span class='ocr_line' id='line_1_29' title="bbox 311 2086 1771 2134; baseline 0.001 -14"><span class='ocrx_word' id='word_1_267' title='bbox 311 2087 620 2132; x_wconf 74' lang='lat' dir='ltr'>Carthaginienses</span> <span class='ocrx_word' id='word_1_268' title='bbox 644 2087 733 2121; x_wconf 91' lang='lat' dir='ltr'><strong>bello</strong></span> <span class='ocrx_word' id='word_1_269' title='bbox 756 2086 895 2132; x_wconf 74' lang='lat' dir='ltr'><strong>fatigati</strong></span> <span class='ocrx_word' id='word_1_270' title='bbox 918 2099 1037 2133; x_wconf 85' lang='lat' dir='ltr'><strong>pacem</strong></span> <span class='ocrx_word' id='word_1_271' title='bbox 1062 2087 1327 2134; x_wconf 82' lang='lat' dir='ltr'><strong>expetiverunt,</strong></span> <span class='ocrx_word' id='word_1_272' title='bbox 1356 2092 1391 2123; x_wconf 87' lang='lat' dir='ltr'><em>et</em></span> <span class='ocrx_word' id='word_1_273' title='bbox 1414 2088 1520 2132; x_wconf 83' lang='lat' dir='ltr'><strong>Mago</strong></span> <span class='ocrx_word' id='word_1_274' title='bbox 1545 2090 1651 2132; x_wconf 78' lang='lat' dir='ltr'><strong>atque</strong></span> <span class='ocrx_word' id='word_1_275' title='bbox 1674 2088 1771 2121; x_wconf 81' lang='lat' dir='ltr'><strong>Han-</strong></span> 
     </span>
     <span class='ocr_line' id='line_1_30' title="bbox 309 2132 1794 2178; baseline -0.001 -11"><span class='ocrx_word' id='word_1_276' title='bbox 309 2134 401 2167; x_wconf 90' lang='lat' dir='ltr'><strong>nibal</strong></span> <span class='ocrx_word' id='word_1_277' title='bbox 426 2133 527 2167; x_wconf 83' lang='lat' dir='ltr'><strong>Italia</strong></span> <span class='ocrx_word' id='word_1_278' title='bbox 550 2133 763 2168; x_wconf 84' lang='lat' dir='ltr'><strong>exciderunt.</strong></span> <span class='ocrx_word' id='word_1_279' title='bbox 814 2134 1011 2168; x_wconf 88' lang='lat' dir='ltr'><strong>consulibus</strong></span> <span class='ocrx_word' id='word_1_280' title='bbox 1045 2135 1133 2168; x_wconf 90' lang='lat' dir='ltr'><strong>enim</strong></span> <span class='ocrx_word' id='word_1_281' title='bbox 1156 2134 1342 2168; x_wconf 79' lang='lat' dir='ltr'>Hannibali</span> <span class='ocrx_word' id='word_1_282' title='bbox 1378 2138 1413 2168; x_wconf 87' lang='lat' dir='ltr'><em>et</em></span> <span class='ocrx_word' id='word_1_283' title='bbox 1436 2132 1580 2178; x_wconf 80' lang='lat' dir='ltr'><strong>Magoni</strong></span> <span class='ocrx_word' id='word_1_284' title='bbox 1603 2133 1771 2166; x_wconf 84' lang='lat' dir='ltr'><strong>resisten-</strong></span> <span class='ocrx_word' id='word_1_285' title='bbox 1792 2157 1794 2159; x_wconf 54' lang='lat'>&gt;</span> 
     </span>
     <span class='ocr_line' id='line_1_31' title="bbox 307 2179 1773 2225; baseline 0 -13"><span class='ocrx_word' id='word_1_286' title='bbox 307 2180 424 2222; x_wconf 80' lang='lat' dir='ltr'><strong>tibus,</strong></span> <span class='ocrx_word' id='word_1_287' title='bbox 459 2179 494 2212; x_wconf 87' lang='lat' dir='ltr'><em>in</em></span> <span class='ocrx_word' id='word_1_288' title='bbox 525 2179 677 2214; x_wconf 86' lang='lat' dir='ltr'><strong>Africam</strong></span> <span class='ocrx_word' id='word_1_289' title='bbox 708 2179 827 2224; x_wconf 82' lang='lat' dir='ltr'><strong>Scipio</strong></span> <span class='ocrx_word' id='word_1_290' title='bbox 859 2191 1020 2224; x_wconf 83' lang='lat' dir='ltr'><strong>grassans</strong></span> <span class='ocrx_word' id='word_1_291' title='bbox 1054 2181 1156 2214; x_wconf 90' lang='lat' dir='ltr'><strong>urbes</strong></span> <span class='ocrx_word' id='word_1_292' title='bbox 1190 2180 1423 2225; x_wconf 82' lang='lat' dir='ltr'><strong>oppugnabat.</strong></span> <span class='ocrx_word' id='word_1_293' title='bbox 1479 2179 1617 2213; x_wconf 83' lang='lat' dir='ltr'><strong>interim</strong></span> <span class='ocrx_word' id='word_1_294' title='bbox 1649 2190 1773 2212; x_wconf 86' lang='lat' dir='ltr'><strong>navem</strong></span> 
     </span>
     <span class='ocr_line' id='line_1_32' title="bbox 311 2223 1774 2271; baseline -0.001 -12"><span class='ocrx_word' id='word_1_295' title='bbox 311 2223 630 2268; x_wconf 75' lang='lat' dir='ltr'><strong>Carthaginiensem</strong></span> <span class='ocrx_word' id='word_1_296' title='bbox 656 2230 809 2271; x_wconf 86' lang='lat' dir='ltr'><strong>captam,</strong></span> <span class='ocrx_word' id='word_1_297' title='bbox 845 2236 920 2259; x_wconf 89' lang='lat' dir='ltr'><em>cum</em></span> <span class='ocrx_word' id='word_1_298' title='bbox 943 2231 1103 2259; x_wconf 83' lang='lat' dir='ltr'><strong>vectores</strong></span> <span class='ocrx_word' id='word_1_299' title='bbox 1137 2237 1174 2259; x_wconf 90' lang='lat' dir='ltr'><em>se</em></span> <span class='ocrx_word' id='word_1_300' title='bbox 1210 2226 1343 2270; x_wconf 81' lang='lat' dir='ltr'><strong>legatos</strong></span> <span class='ocrx_word' id='word_1_301' title='bbox 1375 2225 1417 2259; x_wconf 85' lang='lat' dir='ltr'><strong>ad</strong></span> <span class='ocrx_word' id='word_1_302' title='bbox 1441 2225 1535 2258; x_wconf 90' lang='lat' dir='ltr'><strong>illum</strong></span> <span class='ocrx_word' id='word_1_303' title='bbox 1557 2224 1611 2257; x_wconf 90' lang='lat' dir='ltr'><em>ire</em></span> <span class='ocrx_word' id='word_1_304' title='bbox 1633 2225 1774 2258; x_wconf 87' lang='lat' dir='ltr'><strong>simula-</strong></span> 
     </span>
     <span class='ocr_line' id='line_1_33' title="bbox 309 2270 1774 2315; baseline -0.001 -11"><span class='ocrx_word' id='word_1_305' title='bbox 309 2275 400 2312; x_wconf 87' lang='lat' dir='ltr'><strong>rent,</strong></span> <span class='ocrx_word' id='word_1_306' title='bbox 426 2271 561 2304; x_wconf 83' lang='lat' dir='ltr'><strong>missam</strong></span> <span class='ocrx_word' id='word_1_307' title='bbox 585 2271 689 2314; x_wconf 84' lang='lat' dir='ltr'><strong>fecit,</strong></span> <span class='ocrx_word' id='word_1_308' title='bbox 729 2282 795 2304; x_wconf 90' lang='lat' dir='ltr'><strong>uon</strong></span> <span class='ocrx_word' id='word_1_309' title='bbox 817 2271 1038 2315; x_wconf 82' lang='lat' dir='ltr'><strong>ignoratione</strong></span> <span class='ocrx_word' id='word_1_310' title='bbox 1069 2271 1268 2313; x_wconf 81' lang='lat' dir='ltr'><strong>commenti,</strong></span> <span class='ocrx_word' id='word_1_311' title='bbox 1307 2271 1369 2304; x_wconf 90' lang='lat' dir='ltr'><em>sed</em></span> <span class='ocrx_word' id='word_1_312' title='bbox 1393 2282 1436 2304; x_wconf 90' lang='lat' dir='ltr'><em>ne</em></span> <span class='ocrx_word' id='word_1_313' title='bbox 1457 2270 1599 2304; x_wconf 81' lang='lat' dir='ltr'><strong>infamia</strong></span> <span class='ocrx_word' id='word_1_314' title='bbox 1621 2270 1774 2304; x_wconf 76' lang='lat' dir='ltr'><strong>violatae</strong></span> 
     </span>
     <span class='ocr_line' id='line_1_34' title="bbox 308 2314 1772 2361; baseline -0.002 -11"><span class='ocrx_word' id='word_1_315' title='bbox 308 2316 492 2360; x_wconf 81' lang='lat' dir='ltr'><strong>legationis</strong></span> <span class='ocrx_word' id='word_1_316' title='bbox 518 2316 799 2361; x_wconf 81' lang='lat' dir='ltr'><strong>adspergeretur.</strong></span> <span class='ocrx_word' id='word_1_317' title='bbox 849 2317 1012 2360; x_wconf 83' lang='lat' dir='ltr'><strong>Syphace</strong></span> <span class='ocrx_word' id='word_1_318' title='bbox 1043 2317 1085 2350; x_wconf 91' lang='lat' dir='ltr'><em>de</em></span> <span class='ocrx_word' id='word_1_319' title='bbox 1118 2316 1375 2350; x_wconf 85' lang='lat' dir='ltr'><strong>condicionibus</strong></span> <span class='ocrx_word' id='word_1_320' title='bbox 1408 2320 1554 2361; x_wconf 80' lang='lat' dir='ltr'><strong>agente,</strong></span> <span class='ocrx_word' id='word_1_321' title='bbox 1585 2320 1626 2349; x_wconf 88' lang='lat' dir='ltr'><strong>ut</strong></span> <span class='ocrx_word' id='word_1_322' title='bbox 1649 2314 1772 2359; x_wconf 85' lang='lat' dir='ltr'><strong>Scipio</strong></span> 
     </span>
     <span class='ocr_line' id='line_1_35' title="bbox 309 2361 1773 2407; baseline -0.001 -12"><span class='ocrx_word' id='word_1_323' title='bbox 309 2362 438 2404; x_wconf 83' lang='lat' dir='ltr'><strong>Africa,</strong></span> <span class='ocrx_word' id='word_1_324' title='bbox 464 2363 566 2396; x_wconf 88' lang='lat' dir='ltr'><strong>Italia</strong></span> <span class='ocrx_word' id='word_1_325' title='bbox 591 2364 776 2396; x_wconf 84' lang='lat' dir='ltr'><strong>excederet</strong></span> <span class='ocrx_word' id='word_1_326' title='bbox 798 2363 994 2406; x_wconf 81' lang='lat' dir='ltr'><strong>Hannibal,</strong></span> <span class='ocrx_word' id='word_1_327' title='bbox 1021 2374 1181 2396; x_wconf 84' lang='lat' dir='ltr'><strong>assensus</strong></span> <span class='ocrx_word' id='word_1_328' title='bbox 1206 2369 1282 2403; x_wconf 85' lang='lat' dir='ltr'><strong>est;</strong></span> <span class='ocrx_word' id='word_1_329' title='bbox 1310 2373 1378 2395; x_wconf 90' lang='lat' dir='ltr'><em>non</em></span> <span class='ocrx_word' id='word_1_330' title='bbox 1403 2363 1494 2407; x_wconf 91' lang='lat' dir='ltr'><strong>quod</strong></span> <span class='ocrx_word' id='word_1_331' title='bbox 1519 2361 1649 2394; x_wconf 87' lang='lat' dir='ltr'><strong>homini</strong></span> <span class='ocrx_word' id='word_1_332' title='bbox 1670 2362 1773 2394; x_wconf 79' lang='lat' dir='ltr'><strong>fidem</strong></span> 
     </span>
     <span class='ocr_line' id='line_1_36' title="bbox 309 2406 1773 2452; baseline -0.001 -12"><span class='ocrx_word' id='word_1_333' title='bbox 309 2408 472 2450; x_wconf 86' lang='lat' dir='ltr'><strong>haberet,</strong></span> <span class='ocrx_word' id='word_1_334' title='bbox 511 2408 571 2441; x_wconf 91' lang='lat' dir='ltr'><em>sed</em></span> <span class='ocrx_word' id='word_1_335' title='bbox 606 2413 644 2441; x_wconf 89' lang='lat' dir='ltr'><em>ut</em></span> <span class='ocrx_word' id='word_1_336' title='bbox 680 2420 755 2442; x_wconf 91' lang='lat' dir='ltr'><em>eum</em></span> <span class='ocrx_word' id='word_1_337' title='bbox 787 2408 824 2441; x_wconf 91' lang='lat' dir='ltr'><em>in</em></span> <span class='ocrx_word' id='word_1_338' title='bbox 858 2409 1015 2443; x_wconf 88' lang='lat' dir='ltr'><strong>fraudem</strong></span> <span class='ocrx_word' id='word_1_339' title='bbox 1046 2408 1202 2443; x_wconf 84' lang='lat' dir='ltr'><strong>illiceret.</strong></span> <span class='ocrx_word' id='word_1_340' title='bbox 1251 2419 1327 2441; x_wconf 85' lang='lat' dir='ltr'><em>nam</em></span> <span class='ocrx_word' id='word_1_341' title='bbox 1359 2419 1435 2441; x_wconf 91' lang='lat' dir='ltr'><em>cum</em></span> <span class='ocrx_word' id='word_1_342' title='bbox 1466 2419 1529 2452; x_wconf 85' lang='lat' dir='ltr'><em>per</em></span> <span class='ocrx_word' id='word_1_343' title='bbox 1557 2406 1773 2440; x_wconf 84' lang='lat' dir='ltr'><strong>induciarum</strong></span> 
     </span>
     <span class='ocr_line' id='line_1_37' title="bbox 308 2452 1773 2497; baseline -0.002 -10"><span class='ocrx_word' id='word_1_344' title='bbox 308 2453 481 2487; x_wconf 78' lang='lat' dir='ltr'><strong>licentiam</strong></span> <span class='ocrx_word' id='word_1_345' title='bbox 516 2453 603 2487; x_wconf 80' lang='lat' dir='ltr'><strong>alias</strong></span> <span class='ocrx_word' id='word_1_346' title='bbox 638 2455 715 2487; x_wconf 86' lang='lat' dir='ltr'><strong>aliis</strong></span> <span class='ocrx_word' id='word_1_347' title='bbox 752 2454 919 2488; x_wconf 84' lang='lat' dir='ltr'><strong>militibus</strong></span> <span class='ocrx_word' id='word_1_348' title='bbox 950 2454 986 2488; x_wconf 88' lang='lat' dir='ltr'><em>in</em></span> <span class='ocrx_word' id='word_1_349' title='bbox 1018 2453 1358 2497; x_wconf 85' lang='lat' dir='ltr'><strong>Carthaginiensium</strong></span> <span class='ocrx_word' id='word_1_350' title='bbox 1391 2458 1425 2486; x_wconf 90' lang='lat' dir='ltr'><em>et</em></span> <span class='ocrx_word' id='word_1_351' title='bbox 1457 2452 1626 2497; x_wconf 69' lang='lat' dir='ltr'><strong>Syphacis</strong></span> <span class='ocrx_word' id='word_1_352' title='bbox 1657 2456 1773 2486; x_wconf 76' lang='lat' dir='ltr'><strong>castra</strong></span> 
     </span>
     <span class='ocr_line' id='line_1_38' title="bbox 308 2496 1772 2544; baseline -0.003 -12"><span class='ocrx_word' id='word_1_353' title='bbox 308 2499 424 2533; x_wconf 89' lang='lat' dir='ltr'><strong>missis</strong></span> <span class='ocrx_word' id='word_1_354' title='bbox 460 2510 589 2532; x_wconf 88' lang='lat' dir='ltr'><strong>omnem</strong></span> <span class='ocrx_word' id='word_1_355' title='bbox 622 2499 757 2533; x_wconf 90' lang='lat' dir='ltr'><strong>illorum</strong></span> <span class='ocrx_word' id='word_1_356' title='bbox 788 2506 990 2544; x_wconf 83' lang='lat' dir='ltr'><strong>apparatum</strong></span> <span class='ocrx_word' id='word_1_357' title='bbox 1025 2498 1261 2544; x_wconf 83' lang='lat' dir='ltr'><strong>explorasset,</strong></span> <span class='ocrx_word' id='word_1_358' title='bbox 1298 2499 1530 2544; x_wconf 75' lang='lat' dir='ltr'><strong>probabilibus</strong></span> <span class='ocrx_word' id='word_1_359' title='bbox 1565 2498 1608 2530; x_wconf 89' lang='lat' dir='ltr'><em>de</em></span> <span class='ocrx_word' id='word_1_360' title='bbox 1642 2496 1772 2538; x_wconf 81' lang='lat' dir='ltr'><strong>causis,</strong></span> 
     </span>
     <span class='ocr_line' id='line_1_39' title="bbox 308 2542 1770 2590; baseline -0.003 -11"><span class='ocrx_word' id='word_1_361' title='bbox 308 2557 419 2590; x_wconf 79' lang='lat' dir='ltr'><strong>eaque</strong></span> <span class='ocrx_word' id='word_1_362' title='bbox 443 2545 655 2590; x_wconf 87' lang='lat' dir='ltr'><strong>potissimum</strong></span> <span class='ocrx_word' id='word_1_363' title='bbox 681 2546 772 2590; x_wconf 91' lang='lat' dir='ltr'><strong>quod</strong></span> <span class='ocrx_word' id='word_1_364' title='bbox 798 2546 996 2590; x_wconf 80' lang='lat' dir='ltr'><strong>Syphacem</strong></span> <span class='ocrx_word' id='word_1_365' title='bbox 1019 2545 1225 2579; x_wconf 84' lang='lat' dir='ltr'><strong>Masinissae</strong></span> <span class='ocrx_word' id='word_1_366' title='bbox 1256 2545 1453 2579; x_wconf 88' lang='lat' dir='ltr'><strong>insidiatum</strong></span> <span class='ocrx_word' id='word_1_367' title='bbox 1474 2547 1552 2576; x_wconf 80' lang='lat' dir='ltr'><strong>esse</strong></span> <span class='ocrx_word' id='word_1_368' title='bbox 1577 2542 1770 2584; x_wconf 80' lang='lat' dir='ltr'><strong>constabat,</strong></span> 
     </span>
     <span class='ocr_line' id='line_1_40' title="bbox 307 2587 1771 2636; baseline -0.003 -12"><span class='ocrx_word' id='word_1_369' title='bbox 307 2597 408 2634; x_wconf 82' lang='lat' dir='ltr'><strong>pacta</strong></span> <span class='ocrx_word' id='word_1_370' title='bbox 431 2591 594 2630; x_wconf 81' lang='lat' dir='ltr'><strong>rescidit3</strong></span> <span class='ocrx_word' id='word_1_371' title='bbox 629 2598 803 2636; x_wconf 85' lang='lat' dir='ltr'><strong>noctuque</strong></span> <span class='ocrx_word' id='word_1_372' title='bbox 825 2592 861 2624; x_wconf 91' lang='lat' dir='ltr'><em>in</em></span> <span class='ocrx_word' id='word_1_373' title='bbox 885 2602 999 2626; x_wconf 90' lang='lat' dir='ltr'><strong>eorum</strong></span> <span class='ocrx_word' id='word_1_374' title='bbox 1024 2595 1139 2624; x_wconf 84' lang='lat' dir='ltr'><strong>castra</strong></span> <span class='ocrx_word' id='word_1_375' title='bbox 1163 2590 1276 2632; x_wconf 86' lang='lat' dir='ltr'><strong>venit,</strong></span> <span class='ocrx_word' id='word_1_376' title='bbox 1313 2601 1422 2632; x_wconf 83' lang='lat' dir='ltr'><strong>parvo</strong></span> <span class='ocrx_word' id='word_1_377' title='bbox 1453 2587 1627 2621; x_wconf 80' lang='lat' dir='ltr'><strong>disiuncta</strong></span> <span class='ocrx_word' id='word_1_378' title='bbox 1660 2587 1771 2620; x_wconf 87' lang='lat' dir='ltr'><strong>inter-</strong></span> 
     </span>
     <span class='ocr_line' id='line_1_41' title="bbox 308 2632 1771 2681; baseline -0.001 -13"><span class='ocrx_word' id='word_1_379' title='bbox 308 2636 417 2679; x_wconf 82' lang='lat' dir='ltr'><strong>vallo,</strong></span> <span class='ocrx_word' id='word_1_380' title='bbox 453 2641 488 2670; x_wconf 88' lang='lat' dir='ltr'><em>et</em></span> <span class='ocrx_word' id='word_1_381' title='bbox 508 2636 736 2670; x_wconf 84' lang='lat' dir='ltr'><strong>Hasdrubalis</strong></span> <span class='ocrx_word' id='word_1_382' title='bbox 770 2637 895 2671; x_wconf 83' lang='lat' dir='ltr'><strong>castris</strong></span> <span class='ocrx_word' id='word_1_383' title='bbox 925 2637 1051 2681; x_wconf 85' lang='lat' dir='ltr'><strong>passim</strong></span> <span class='ocrx_word' id='word_1_384' title='bbox 1083 2636 1196 2680; x_wconf 82' lang='lat' dir='ltr'><strong>ignem</strong></span> <span class='ocrx_word' id='word_1_385' title='bbox 1219 2635 1351 2669; x_wconf 85' lang='lat' dir='ltr'><strong>iniecit.</strong></span> <span class='ocrx_word' id='word_1_386' title='bbox 1399 2644 1489 2677; x_wconf 86' lang='lat' dir='ltr'><strong>quae</strong></span> <span class='ocrx_word' id='word_1_387' title='bbox 1512 2643 1586 2666; x_wconf 87' lang='lat' dir='ltr'><em>cum</em></span> <span class='ocrx_word' id='word_1_388' title='bbox 1613 2632 1771 2666; x_wconf 85' lang='lat' dir='ltr'><strong>facillime</strong></span> 
     </span>
     <span class='ocr_line' id='line_1_42' title="bbox 308 2679 1770 2724; baseline -0.002 -10"><span class='ocrx_word' id='word_1_389' title='bbox 308 2681 448 2715; x_wconf 83' lang='lat' dir='ltr'><strong>incensa</strong></span> <span class='ocrx_word' id='word_1_390' title='bbox 473 2687 592 2716; x_wconf 86' lang='lat' dir='ltr'><strong>essent</strong></span> <span class='ocrx_word' id='word_1_391' title='bbox 624 2685 718 2724; x_wconf 85' lang='lat' dir='ltr'><strong>(nam</strong></span> <span class='ocrx_word' id='word_1_392' title='bbox 742 2683 967 2717; x_wconf 84' lang='lat' dir='ltr'><strong>tabernacula</strong></span> <span class='ocrx_word' id='word_1_393' title='bbox 989 2694 1032 2715; x_wconf 84' lang='lat' dir='ltr'><em>ex</em></span> <span class='ocrx_word' id='word_1_394' title='bbox 1057 2682 1173 2716; x_wconf 90' lang='lat' dir='ltr'><strong>culmis</strong></span> <span class='ocrx_word' id='word_1_395' title='bbox 1198 2687 1232 2714; x_wconf 85' lang='lat' dir='ltr'><em>et</em></span> <span class='ocrx_word' id='word_1_396' title='bbox 1254 2679 1432 2712; x_wconf 80' lang='lat' dir='ltr'><strong>frondibus</strong></span> <span class='ocrx_word' id='word_1_397' title='bbox 1456 2679 1615 2712; x_wconf 83' lang='lat' dir='ltr'><strong>confecta</strong></span> <span class='ocrx_word' id='word_1_398' title='bbox 1639 2679 1770 2721; x_wconf 83' lang='lat' dir='ltr'><strong>erant),</strong></span> 
     </span>
     <span class='ocr_line' id='line_1_43' title="bbox 309 2723 1770 2772; baseline -0.001 -14"><span class='ocrx_word' id='word_1_399' title='bbox 309 2731 343 2759; x_wconf 82' lang='lat' dir='ltr'><em>et</em></span> <span class='ocrx_word' id='word_1_400' title='bbox 368 2727 674 2772; x_wconf 80' lang='lat' dir='ltr'><strong>Carthaginienses</strong></span> <span class='ocrx_word' id='word_1_401' title='bbox 699 2729 785 2762; x_wconf 86' lang='lat' dir='ltr'><strong>male</strong></span> <span class='ocrx_word' id='word_1_402' title='bbox 809 2729 950 2762; x_wconf 80' lang='lat' dir='ltr'><strong>tractati</strong></span> <span class='ocrx_word' id='word_1_403' title='bbox 975 2731 1068 2770; x_wconf 84' lang='lat' dir='ltr'><strong>sunt,</strong></span> <span class='ocrx_word' id='word_1_404' title='bbox 1097 2732 1132 2760; x_wconf 85' lang='lat' dir='ltr'><em>et</em></span> <span class='ocrx_word' id='word_1_405' title='bbox 1157 2725 1328 2769; x_wconf 86' lang='lat' dir='ltr'><strong>Syphacis</strong></span> <span class='ocrx_word' id='word_1_406' title='bbox 1353 2724 1477 2758; x_wconf 88' lang='lat' dir='ltr'><strong>milites</strong></span> <span class='ocrx_word' id='word_1_407' title='bbox 1500 2735 1599 2768; x_wconf 89' lang='lat' dir='ltr'><strong>opem</strong></span> <span class='ocrx_word' id='word_1_408' title='bbox 1620 2723 1726 2757; x_wconf 86' lang='lat' dir='ltr'><strong>laturi</strong></span> <span class='ocrx_word' id='word_1_409' title='bbox 1748 2736 1770 2756; x_wconf 82' lang='lat' dir='ltr'><strong>a</strong></span> 
     </span>
     <span class='ocr_line' id='line_1_44' title="bbox 311 2768 1773 2819; baseline -0.002 -14"><span class='ocrx_word' id='word_1_410' title='bbox 311 2772 472 2806; x_wconf 86' lang='lat' dir='ltr'><strong>Romanis</strong></span> <span class='ocrx_word' id='word_1_411' title='bbox 495 2773 531 2806; x_wconf 92' lang='lat' dir='ltr'><em>in</em></span> <span class='ocrx_word' id='word_1_412' title='bbox 556 2774 737 2819; x_wconf 80' lang='lat' dir='ltr'><strong>procinctu</strong></span> <span class='ocrx_word' id='word_1_413' title='bbox 762 2774 937 2808; x_wconf 82' lang='lat' dir='ltr'><strong>stantibus</strong></span> <span class='ocrx_word' id='word_1_414' title='bbox 961 2772 1088 2816; x_wconf 88' lang='lat' dir='ltr'><strong>occisi,</strong></span> <span class='ocrx_word' id='word_1_415' title='bbox 1124 2782 1239 2805; x_wconf 89' lang='lat' dir='ltr'><strong>eorum</strong></span> <span class='ocrx_word' id='word_1_416' title='bbox 1269 2781 1407 2816; x_wconf 86' lang='lat' dir='ltr'><strong>quoque</strong></span> <span class='ocrx_word' id='word_1_417' title='bbox 1436 2769 1559 2804; x_wconf 86' lang='lat' dir='ltr'><strong>castris</strong></span> <span class='ocrx_word' id='word_1_418' title='bbox 1586 2768 1773 2810; x_wconf 82' lang='lat' dir='ltr'><strong>succensis,</strong></span> 
     </span>
    </p>
   </div>
  </div>
 </body>
</html>
