1820 3120
260 80 360 126 360
740 77 971 130 IOANNIS
1000 78 1261 136 ZONARAE

388 187 740 246 Ἀντικαθημένων
757 189 800 233 δ’
828 187 1021 246 ἀλλήλοις
1043 194 1124 234 τῶν
1147 185 1420 246 ἀντιπολέμων
1441 192 1634 252 ἐκδρομαὶ
1655 194 1733 250 μὲν.
1789 243 1794 247 ,

205 264 237 299 C
261 258 362 316 παρ’
391 259 635 316 ἀμφοτέρων
658 259 845 315 ἐγίνοντο,
870 258 982 314 μάχη
1006 259 1242 314 δὲοῦδεμία
1264 260 1308 302 ἐκ
1331 256 1612 318 παρατάξεως,
1640 263 1731 306 καί-

256 344 319 370 τοι
342 332 414 370 τοῦ
437 344 480 369 τε
506 328 718 384 Καίσαρος
739 330 806 370 καὶ
830 332 903 370 τοῦ
932 327 1142 371 Ἀντωνίου
1165 331 1388 383 συμβαλεΐν
1409 329 1731 384 σπουδαζόντων·ο
1788 345 1792 354 ’

256 393 278 438 ὃ
304 396 349 438 δὲ
373 396 423 450 δὴ
455 392 636 446 Κάσσιος
658 397 725 438 καὶ
750 394 770 438 ὁ
797 399 981 453 Βροῦτος
1005 395 1271 450 ἀνεβάλλοντο
1283 428 1297 449 ,
1333 397 1406 440 οὒκ
1429 396 1634 451 ὀκνοῦντες
1655 400 1730 455 τὴν

255 462 405 518 μάχην,
440 464 535 508 ἀλλ’
572 464 614 507 εἴ
640 481 725 514 πως
758 462 852 506 ἄνευ
875 463 1070 507 κινδύνων
1093 467 1158 507 καὶ
1184 463 1347 522 φθόρου
1372 471 1491 523 τινῶν
1508 467 1761 525 {nantoani-5

257 549 382 575 σειαν.
441 530 495 582 ὥς
519 532 564 574 δὲ
586 532 638 575 τὰ
661 530 946 588 στρατεύματα
969 537 1020 590 τῇ
1042 550 1082 575 τε
1107 538 1229 590 τριβῇ
1249 532 1531 590 βαρυνόμενα,
1562 537 1628 578 καὶ
1650 540 1730 579 τῶν

257 600 536 654 ἀντικειμένων
570 599 962 657 καταφρονήσαντα,
999 600 1060 644 ὅτι
1089 602 1134 644 τὸ
1166 600 1397 659 καθάρσιον
1418 602 1498 660 πρὸ
1520 599 1600 658 τῶν
1623 602 1732 660 ἀγώ-

255 686 335 711 νων
360 667 567 725 γινόμενον
590 668 702 718 ἐντὸς
726 673 797 711 τοῦ
823 668 1023 725 ἐρύματος
1046 668 1101 719 ὥς
1123 668 1296 720 δεδιότες
1319 669 1557 725 ἐποιήσαντο
1581 672 1620 715 οἳ
1641 674 1734 729 περὶ

256 738 452 794 Καίσαρα
476 739 543 779 καὶ
569 735 792 789 Ἀντώνιον,
828 740 884 787 εἰς
916 737 989 793 τὴν
1019 737 1155 793 μάχην
1186 757 1227 782 τε
1251 737 1445 795 ὥρμησαν
1468 739 1507 783 οἶ
1530 738 1732 797 Βρούτου,

257 808 324 847 καὶ
349 803 560 848 διελάλουν
583 803 668 857 ὅτι,
703 804 753 847 ἄν
777 807 962 849 ἓπιπλέον
983 804 1208 863 ὖπερτιθῇ,
1237 806 1464 858 ἐκλιπόντες
1485 807 1531 852 τὸ
1555 807 1730 867 στρατό-
1744 813 1789 848 10

255 875 378 916 πεδον
401 872 777 928 σκεδασθήσονται,
812 873 917 917 οὕτω
943 875 993 929 δὴ
1018 877 1084 917 καὶ
1109 874 1272 926 ἄκοντες
1294 876 1521 930 συνέμιξαᾼ”.

201 950 234 985 D
395 942 605 998 Μέγιστος
640 942 685 984 δὲ
715 940 931 997 Ῥωμαίοις
971 945 1181 1000 διαφανῶς
1216 942 1237 986 ὅ
1274 944 1382 1000 ἀγὼν
1417 939 1535 996 οὗτος
1565 945 1735 1001 ἐγένετο.

255 1014 376 1053 τοῦτο
401 1011 446 1052 δὲ
469 1012 536 1052 καὶ
561 1012 604 1052 ἐκ
626 1015 707 1052 τῶν
729 1010 947 1068 γεγονότων
972 1013 1149 1067 σημείων
1175 1011 1216 1054 ἕν
1238 1030 1279 1055 τε
1303 1016 1355 1070 τῇ
1371 1011 1507 1071 Ῥώμῃ
1530 1015 1596 1056 καὶ
1620 1014 1662 1056 ἓν
1684 1018 1733 1071 τῇ

254 1080 497 1139 Μακεδονίᾳ
521 1077 763 1135 τεκμήραιτό
789 1098 862 1131 τις.
932 1081 974 1122 ἐν
1005 1080 1083 1138 γὰρ
1116 1085 1173 1139 τῷ
1206 1079 1318 1124 ἄστει
1350 1078 1372 1123 ὁ
1404 1080 1519 1137 ἥλιος
1538 1083 1640 1125 ’τοτὲ
1661 1083 1736 1137 μὲν
1796 1102 1806 1107 ·

254 1146 478 1202 ἠλαττοῦτο
502 1148 592 1190 τοτὲ
616 1148 659 1189 δὲ
681 1148 806 1204 μέγας
829 1149 1035 1205 ἐφαίνετο,
1078 1148 1279 1204 ἐξέλαμψε
1303 1149 1351 1192 δέ
1371 1166 1465 1192 ποτε
1488 1152 1555 1192 καὶ
1578 1149 1733 1202 νυκτός,
1745 1156 1790 1192 15

257 1214 468 1270 λαμπάδες
491 1233 532 1258 τε
555 1215 704 1259 ἄλλοσέ
724 1234 779 1271 πη
803 1219 870 1259 καὶ
894 1216 1039 1260 ἄλλοσε
1065 1216 1197 1277 ᾄττειν
1220 1216 1399 1270 ἐδόκουν,
1423 1220 1489 1261 καὶ
1507 1220 1737 1275 σαλπίγγων

255 1283 352 1339 ἠχαὶ
384 1286 452 1326 καὶ
484 1283 618 1327 ὅπλων
649 1282 792 1327 κτύποι
816 1288 881 1328 καὶ
903 1289 1000 1339 βοαὶ
1025 1286 1308 1343 στρατοπέδων
1330 1285 1473 1338 νυκτὸς
1495 1288 1538 1329 ἐκ
1560 1291 1647 1330 τῶν
1664 1291 1738 1330 τοῦ

256 1353 470 1409 Καίσαρος
500 1354 566 1394 καὶ
603 1357 682 1395 τῶν
716 1358 789 1396 τοῦ
816 1355 1025 1396 Ἀντωνίου
1050 1352 1308 1411 ὁμορούντων
1331 1353 1521 1410 ἀλλήλοις
1544 1355 1656 1413 παρὰ
1680 1359 1738 1414 τῷ

259 1421 447 1477 Τιβέριδι
471 1419 722 1475 ἔξηκούοντο,
749 1423 820 1463 καί
839 1440 877 1465 τι
901 1420 1118 1480 παιδάριον
1142 1421 1466 1474 δεκαδακτύλους
1482 1430 1624 1480 χεῖρας
1646 1423 1738 1478 ἕχον

258 1488 477 1545 ἐγεννήθη,
513 1487 680 1543 ἡμίονός
710 1508 751 1533 τε
786 1490 891 1534 ἔτεκε
926 1491 1066 1549 τέρας·
1100 1491 1151 1533 τὰ
1181 1492 1254 1546 μὲν
1283 1491 1362 1548 γὰρ
1396 1490 1579 1549 πρόσθια
1607 1483 1820 1550 ‘laumas

259 1557 312 1600 τοὶ
337 1558 380 1599 δὲ
404 1557 526 1599 λοιπὰ
549 1555 705 1617 ἡμιόνῳ
730 1556 856 1617 ἐῴκει.
912 1561 968 1601 ,ἐν
998 1560 1072 1614 μὲν
1105 1555 1174 1602 οὗν
1206 1564 1256 1617 τῇ
1282 1558 1418 1617 Ῥώμῃ
1452 1559 1582 1604 ταῦτά
1605 1578 1648 1604 τε
1671 1563 1739 1603 καὶ

355 1712 375 1746 1
394 1706 769 1756 ἀντικαθισταμένων
785 1713 828 1747 Β.
923 1712 946 1749 9
968 1723 1007 1747 τε
1032 1712 1100 1747 add
1124 1712 1185 1747 AB
1208 1711 1289 1748 Dic.
1385 1713 1430 1748 10
1451 1709 1642 1757 ὑπερτεθῆ
1664 1712 1738 1751 ΑΒ.

357 1757 402 1791 13
425 1751 467 1790 ἐν
490 1767 546 1791 om
568 1757 613 1791 C.
719 1758 764 1795 17
782 1755 872 1792 “aaz
897 1756 984 1804 βοαὶ
1007 1756 1283 1803 στρατοπέδων]
1306 1758 1359 1793 ita
1381 1758 1418 1794 in
1442 1759 1578 1796 duobus
1600 1758 1740 1804 Regiis:

355 1803 484 1836 absunt
531 1814 617 1836 vero
656 1804 743 1838 haec
779 1805 888 1838 verba
929 1804 966 1838 in
1007 1804 1085 1838 aliis
1122 1808 1160 1839 et
1198 1806 1235 1839 in
1274 1801 1461 1841 Colbert.”
1505 1805 1740 1839 Ducumws.

358 1848 404 1883 18
425 1844 629 1892 Ἀντωνίου]
653 1846 845 1884 Ἀντωνίου
869 1849 1000 1894 κήπων
1022 1850 1103 1884 Ι)ἰο.
1242 1851 1288 1884 20
1310 1848 1419 1896 τέρας
1439 1861 1493 1885 om
1515 1851 1575 1895 W,
1600 1862 1621 1885 e
1644 1850 1743 1885 codi-

355 1894 454 1928 cibus
478 1895 659 1941 supplevit
681 1896 895 1942 DucangiuS.
1042 1897 1085 1930 21
1110 1893 1265 1941 ἡμίονος
1286 1896 1329 1931 Α.
1572 1904 1577 1905 ’

403 2031 491 2065 Cum
520 2033 619 2066 ambo
645 2033 822 2067 exercitus
848 2045 891 2067 ex
916 2033 1066 2067 adverso
1091 2031 1348 2075 constitissent,
1379 2032 1604 2067 excursiones
1629 2032 1742 2067 utrin-

264 2088 333 2121 que
356 2076 474 2111 factae
498 2083 601 2120 sunt;
623 2080 686 2113 sed
710 2090 882 2123 nunquam
906 2080 997 2113 iusta
1021 2079 1095 2113 acie
1119 2078 1314 2112 dimicatum
1337 2083 1402 2120 est,
1428 2079 1586 2122 quamvis
1610 2079 1745 2113 Caesar

264 2128 301 2156 et
324 2122 497 2157 Antonius
520 2135 659 2169 pugnae
685 2125 803 2171 cupidi
828 2130 958 2159 essent.
1006 2124 1148 2158 Cassius
1172 2124 1262 2158 enim
1287 2128 1324 2157 et
1342 2123 1478 2158 'Brutus
1502 2135 1649 2170 pugnam
1676 2136 1743 2158 uon

265 2174 357 2202 metu
380 2168 611 2213 differebant,
644 2171 705 2204 sed
738 2172 947 2216 spectabant
970 2182 1014 2204 an
1038 2171 1128 2204 citra
1154 2169 1341 2214 periculum
1365 2174 1402 2202 et
1425 2181 1578 2214 magnam
1603 2171 1743 2205 caedem

265 2220 413 2260 possent
437 2215 592 2249 vincere.
643 2228 762 2251 verum
795 2214 854 2251 ubi
889 2216 1066 2250 exercitus
1103 2222 1138 2249 et
1167 2226 1293 2249 moram
1317 2226 1423 2259 aegre
1451 2215 1544 2249 ferre
1567 2221 1604 2249 et
1626 2216 1743 2252 hostes

265 2265 488 2294 contemnere
525 2267 735 2306 coeperunt,
779 2263 870 2307 quod
903 2274 1005 2296 sacra
1037 2261 1196 2295 lustralia
1226 2265 1308 2294 ante
1341 2271 1490 2304 pugnam
1525 2260 1604 2306 fier-i
1631 2263 1742 2297 solita

265 2306 362 2340 velut
387 2317 470 2350 prae
497 2312 590 2342 metu
612 2308 706 2342 intra
733 2309 858 2343 vallum
883 2308 1090 2342 Caesariani
1115 2312 1152 2340 et
1177 2306 1360 2340 Antoniani
1385 2307 1573 2350 fecissent,
1611 2313 1647 2342 et
1668 2319 1744 2352 2pu-

265 2363 367 2396 gnam
392 2352 521 2386 acriter
546 2362 781 2398 poposcerunt
804 2355 985 2396 Brutiani,
1016 2353 1046 2387 si
1081 2364 1138 2386 res
1170 2352 1302 2386 diutius
1329 2351 1531 2386 differretur
1554 2365 1593 2387 se
1617 2354 1742 2388 castris

267 2397 418 2477 ᾱεεεὲῐίε
443 2398 639 2444 dilapsuros
662 2411 739 2434 esse
761 2400 985 2443 iactitantes‚
1021 2404 1094 2433 tum
1125 2409 1212 2432 vero
1245 2397 1301 2432 vel
1335 2397 1438 2432 inviti
1471 2398 1508 2432 in
1542 2399 1650 2434 aciem
1681 2400 1744 2434 de-

268 2454 350 2478 scen
377 2448 491 2478 erunt.

408 2511 596 2546 Maximum
628 2511 663 2545 id
694 2516 870 2546 certamen
896 2512 1060 2546 Romanis
1090 2511 1180 2546 citra
1210 2511 1487 2546 controversiam
1519 2511 1604 2553 fuit;
1636 2511 1744 2556 idque

270 2560 410 2591 ostenta
443 2563 481 2591 et
505 2558 636 2591 Romae
673 2563 709 2592 et
742 2557 779 2594 in
803 2558 1013 2593 Macedonia
1041 2562 1226 2602 conspecta
1258 2557 1448 2591 declarant.
1495 2569 1573 2591 nam
1596 2557 1633 2590 in
1658 2559 1745 2591 urbe

270 2603 322 2636 sol
347 2603 433 2636 anas
458 2603 579 2647 augeri
607 2602 693 2637 alias
715 2603 866 2637 imminui
889 2604 998 2648 visus,
1021 2603 1208 2647 aliquando
1236 2603 1341 2637 etiam
1366 2609 1472 2637 noctu
1497 2602 1656 2637 emicuit:
1689 2604 1745 2637 fa-

270 2659 329 2681 ces
361 2649 429 2681 alio
465 2653 571 2694 atque
606 2649 672 2683 alio
704 2650 833 2683 saltare
861 2650 977 2684 visae:
1011 2650 1152 2693 clangor
1176 2650 1358 2691 tubarum,
1393 2649 1527 2683 sonitus
1559 2657 1744 2692 armorum,

270 2694 437 2727 clamores
461 2695 675 2729 exercituum
701 2706 743 2728 ex
768 2695 892 2729 vicinis
916 2695 1009 2730 inter
1029 2705 1067 2728 se
1095 2695 1258 2729 Caesaris
1281 2697 1318 2728 et
1342 2694 1485 2730 Antonii
1513 2694 1557 2728 ad
1584 2693 1743 2729 Tiberim

271 2738 384 2773 hortis
409 2740 579 2774 exauditi.
628 2752 717 2787 puer
739 2741 839 2775 denis
862 2751 1019 2775 manuum
1043 2740 1166 2785 digitis
1189 2744 1306 2775 natus.
1352 2740 1442 2774 mula
1467 2744 1653 2775 monstrum
1670 2751 1743 2787 pe-
