1794 3120
260 107 325 153 76
725 108 953 153 ιοΑΝΝιε
989 109 1248 154 ZONARAE
1269 83 1272 85 ’

258 223 342 263 ἐπεὶ
377 222 516 263 πολλοὶ
547 222 613 264 καὶ
647 221 726 264 ἀπὸ
759 227 832 278 τῆς
848 221 1004 278 Ῥώμης
1027 223 1138 280 αὐτῷ
1160 221 1472 280 προσεχώρησαν
1495 225 1714 276 ἐθελονταί,

205 295 235 329 Β
258 289 507 345 παραλαβὼν
529 289 731 341 κάκείνους
753 293 975 348 προσέβαλε
999 296 1048 348 τῇ
1071 290 1183 333 πόλει
1206 292 1274 332 καὶ
1295 290 1549 346 πανταχόθεν
1570 291 1616 335 τὸ
1634 298 1714 335 τεῒ-

251 374 326 410 χος
352 355 569 400 ἐκύκλωσε·
604 363 683 402 τῶν
718 359 760 402 δ’
795 361 905 410 ε’ντὸς
941 362 1029 416 περὶ
1061 357 1191 401 πάντα
1226 358 1295 401 τὸν
1328 364 1538 416 περιβολον
1566 361 1713 403 σκεδα-

255 426 447 478 σθέντων,
478 424 661 468 ἔλαθοντ
648 428 773 484 ε’τεροι
797 428 866 470 διὰ
882 433 962 470 τῶν
980 426 1192 482 ὑπονόμων
1210 425 1412 483 γεγονότες
1426 427 1546 479 ἐντός.
1590 426 1712 470 ἆλού-

254 510 327 548 σης
361 495 404 536 δὲ
433 511 504 549 της
535 493 686 546 πόλεως
716 498 782 538 καὶ
806 501 885 538 τῶν
903 495 1110 550 Ῥωμαίων
1136 493 1434 578 διαρπαζόντων
1456 495 1508 538 τὰ
1529 498 1574 539 ἐν,
1592 497 1744 552 αὐτῇὸ

251 559 357 618 ὁρῶν
380 562 458 605 ἀπὸ
483 567 553 616 τῆς
576 563 703 620 ἄκρας
727 562 747 606 ὃ
767 563 977 618 Κάμιλλος
1000 564 1049 606 τὰ
1070 562 1322 621 πραττόμενα
1339 564 1518 615 ἐστέναξε
1534 565 1600 607 καὶ
1616 562 1712 607 ἐδά-

250 648 372 687 κρυσε
394 649 460 673 και
455 626 541 673 ’“ὦ
559 632 677 674 θεοί”
699 631 791 688 ἔφη,
821 630 894 675 “ει’
905 651 964 683 τις
981 630 1192 686 Ῥωμαίοις
1208 632 1407 689 ὀφείλεται
1426 633 1580 686 νέμεσις
1594 634 1712 688 τῆςδε

250 703 323 753 τῆς
346 700 562 756 εὐπραγίας
585 700 861 758 ἀντίστροφος,
897 700 1066 754 εὔχομαι
1089 698 1238 755 ταύτην
1262 703 1316 750 εἷς
1339 701 1512 754 ἐμαυτὸν
1527 704 1711 755 τελευτῆ-

249 767 340 808 σαι.’
425 767 496 822 τὴν
531 769 574 810 δὲ
607 772 688 822 τῆς.
709 770 817 819 λείας
850 768 1019 823 δεκάτην
1043 769 1185 819 εξελὼν
1207 767 1386 811 ἀκόντων
1407 774 1487 811 τῶν
1511 785 1710 827 στρατιω-

250 838 328 876 τιῦν
355 835 522 878 ἀνέθετο
546 840 603 892 τῷ
619 834 851 888 Ἀπόλλωνι,
886 836 1004 892 εὐχὴν
1026 841 1143 879 τοῦτο
1167 839 1260 894 πρὶν
1281 835 1560 892 ποιησάμενος.
1617 837 1765 879 ‹ivi-10

249 906 345 944 θετο
378 904 422 944 δὲ
451 904 517 944 καὶ
548 908 732 958 κρατῆρα
757 909 938 959 χρυσοῦν
969 906 1012 946 ἐκ
1045 909 1116 946 τοῦ
1140 909 1219 948 τῶν
1241 909 1438 960 γυναικῶν
1459 903 1615 960 κόσμου
1638 922 1710 948 πε·-

249 971 483 1024 ποιημένον·
520 970 620 1012 ἀνθ’
648 965 697 1012 οὗ
718 970 814 1024 τιμὴ
838 971 980 1021 αὐταῖς
1002 976 1252 1028 παραχρῆμα
1275 971 1500 1030 ἐψήφιστο·
1543 971 1571 1029 ἢ
1595 973 1639 1016 δὲ
1661 968 1710 1028 ἦν

198 1048 228 1081 C
253 1038 296 1080 τὸ
320 1038 384 1080 ἐπ’
412 1037 627 1092 ὀχημάτων
649 1038 776 1088 αὐτὰς
799 1040 839 1088 ἐς
861 1039 934 1088 τὰς
951 1038 1189 1095 πανηγύρεις
1208 1043 1367 1096 φοιτᾶν,
1391 1040 1615 1100 αὖτοποδάιι
1627 1046 1709 1095 βα.-

249 1104 451 1157 διζοόσαις
485 1105 678 1162 πρότερον
709 1109 749 1156 ἐς
782 1106 919 1157 αὐτάς.
995 1111 1054 1165 τῷ
1087 1109 1130 1150 δὲ
1152 1109 1351 1165 Καμίλλῳ
1382 1107 1708 1165 προσώχθισεν.ὅ

247 1175 375 1228 δῆμος
405 1177 470 1216 καὶ
503 1175 736 1229 ἐνεμέσησε,
779 1175 824 1217 τὸ
846 1177 919 1229 μὲν
943 1174 1003 1217 ὅτι
1026 1175 1098 1230 τὴν
1122 1175 1290 1231 δεκάτην
1313 1180 1393 1219 τῶν
1415 1175 1611 1235 λαφύρων
1634 1176 1707 1220 οὐκ
1717 1185 1761 1224 15

246 1242 287 1284 ἕν
321 1247 379 1300 τῷ
401 1242 696 1298 διαρπάζεσθαι
722 1247 849 1286 ταῦτα
873 1244 977 1285 ἀλλὰ
1000 1250 1142 1301 καιροῦ
1166 1242 1441 1301 παρελθόντος
1463 1247 1626 1296 ἐξείλετο
1649 1250 1706 1303 τῷ

246 1314 346 1368 θεῷ,
393 1311 437 1353 τὸ
471 1312 513 1353 δ’
555 1310 615 1353 ὅτι
648 1310 699 1354 τά
732 1328 772 1354 τε
806 1311 912 1353 ἄλλα
946 1316 1133 1369 σοβαρῶς
1164 1310 1436 1369 ἐθριάμβευσε
1458 1316 1524 1356 καὶ
1547 1310 1710 1371 πρῶτος

239 1376 444 1432 Ῥωμαίων
467 1384 594 1437 λευκῷ
618 1380 826 1437 τεθρίππῳ
850 1381 901 1422 τὰ
924 1381 1092 1422 ἐπινίκια
1115 1380 1305 1436 ἔπεμψεν.

374 1446 436 1489 ‘H
466 1449 509 1489 δὲ
540 1452 618 1490 τῶν
649 1449 845 1490 ἐπινικίων
878 1447 1041 1503 πομπή,
1093 1449 1143 1503 ἢν
1176 1451 1243 1491 καὶ
1278 1445 1484 1505 θρίαμβον
1521 1446 1702 1500 ἐκάλουν,

242 1513 376 1558 τοιάδε
407 1533 467 1565 τις
499 1518 657 1571 ἐγίνετο.
725 1515 788 1558 ὅτε
821 1533 858 1558 τι
882 1515 1145 1573 κατωρθώθη
1168 1518 1272 1573 μέγα
1294 1518 1361 1559 καὶ
1383 1517 1580 1559 ἐπινικίων
1601 1515 1758 1559 {nd-20

242 1587 339 1634 ξιον,
374 1582 633 1640 αὐτοκράτωρ
659 1584 800 1627 αὐτίκα
825 1582 845 1625 ὃ
870 1584 1091 1640 στρατηγὸς
1113 1584 1191 1627 ὑπὸ
1223 1590 1302 1627 τῶν
1325 1590 1579 1641 στρατιωτῶν
1601 1585 1702 1629 ὠνο-

241 1651 402 1704 μάζετο,
433 1654 498 1694 καὶ
522 1657 676 1702 κλῶνας
699 1651 856 1709 δάφνης
879 1653 1046 1707 περιέδει
1070 1660 1157 1704 ταῖς
1179 1651 1346 1710 ῥάβδοις
1368 1656 1434 1696 καὶ
1451 1660 1534 1703 τοῖς
1551 1655 1702 1710 δρομο-

190 1729 221 1762 Ι)
244 1719 385 1777 κήρυξι
409 1728 491 1770 τοῖς
513 1721 584 1775 τὴν
606 1722 716 1775 νίκην
733 1722 1043 1776 καταγγέλλουσι
1059 1726 1110 1778 τῇ
1125 1721 1237 1791 πόλει
1255 1723 1427 1776 κομίζειν
1444 1723 1590 1764 ἐδίδου.
1634 1723 1700 1764 ἐλ-

332 1838 355 1872 4
360 1835 466 1893 δια]
489 1834 531 1872 δὲ
556 1838 599 1872 C.
651 1867 653 1869 .
748 1837 770 1872 6
794 1832 959 1880 ἐστέναξε
983 1840 1025 1883 A,
1048 1834 1213 1894 ἐστέναξε
1239 1839 1330 1877 PW.
1468 1837 1492 1874 8
1514 1835 1567 1878 εἰς
1589 1833 1698 1882 ἐμαυ-

329 1880 396 1918 τὸν
410 1905 456 1910 -
475 1886 520 1919 10
532 1880 719 1919 Ἀπόλλωνι.
745 1895 798 1917 om
815 1883 933 1919 CW·t
936 1881 1037 1918 haec
1058 1885 1273 1941 reposuimus
1298 1896 1340 1919 ex
1363 1884 1497 1919 duobus
1516 1884 1638 1929 Regiis
1662 1888 1700 1918 et

333 1925 798 1964 Οο]1)ετιοο”])υσΑΝ<;ιυε.
938 1926 1094 1974 ἐμαυτὸν
1115 1931 1188 1974 ΑΒ,
1213 1926 1346 1966 ἑαυτὸν
1369 1930 1412 1963 Ρ.
1527 1930 1572 1964 14
1595 1929 1698 1975 βαδι-

331 1973 477 2016 ζούσαις
498 1975 578 2009 libri
602 1987 730 2010 omnes.
870 1976 913 2012 16
936 1957 1188 2020 προελθόντος
1208 1976 1251 2011 Α.
1377 1977 1419 2011 21
1445 1976 1697 2020 στρατιωτῶν]

332 2020 503 2066 ῥωμαίων
526 2022 567 2058 A.
705 2021 749 2055 2⁶2
770 2017 904 2062 κλόνας
926 2022 967 2057 C.
1105 2019 1304 2066 προκήρυξι
1323 2020 1364 2056 Α.

238 2135 350 2159 arcem
374 2127 480 2165 acto,
511 2128 547 2156 et
571 2123 736 2157 militibus
760 2136 780 2158 a
803 2123 911 2157 Roma
931 2123 1137 2157 voluntariis
1161 2126 1302 2166 auctus,
1335 2123 1452 2156 urbem
1475 2133 1604 2156 corona
1625 2122 1696 2156 cit-

239 2169 429 2204 cumdatam
453 2147 630 2212 a’doritur,
666 2170 743 2203 dum
768 2169 906 2208 civibus
929 2169 966 2202 in
989 2169 1123 2202 moenia
1146 2168 1311 2213 dispersis
1335 2167 1396 2202 alii
1420 2179 1482 2213 per
1505 2168 1696 2202 cuniculum

238 2215 323 2250 clam
346 2215 382 2247 in
406 2215 523 2248 urbem
548 2220 742 2259 penetrant.
789 2226 864 2249 cum
887 2215 1006 2248 urbem
1028 2220 1160 2259 captam
1183 2214 1288 2258 diripi
1307 2213 1453 2255 videret,
1475 2213 1698 2247 illacrimasse

239 2266 275 2295 et
306 2271 380 2294 cum
414 2260 564 2304 suspi1io
596 2261 726 2293 dixisse
755 2257 909 2294 sertur“
915 2272 934 2294 ο
959 2260 1025 2304 dii,
1059 2261 1089 2293 si
1112 2271 1179 2305 qua
1200 2259 1363 2293 Romanis
1386 2239 1506 2292 ὤν’ἰιια
1528 2258 1696 2293 incumbit

238 2307 320 2340 ultio
357 2305 435 2338 huic
459 2305 630 2339 contraria
661 2306 718 2339 feli
724 2306 841 2349 (stati,
870 2317 994 2350 precor
1022 2311 1061 2340 ut
1083 2305 1120 2339 in
1144 2317 1196 2339 me
1219 2305 1277 2339 illa
1298 2300 1468 2338 desinat?
1515 2309 1587 2338 tum
1611 2316 1694 2339 vero

238 2353 388 2398 praedae
414 2351 588 2394 decimam,
613 2351 732 2384 invitis
755 2352 933 2396 militibus,
959 2356 1040 2385 voto
1064 2355 1232 2396 concepto
1247 2350 1399 2395 Apollini
1424 2350 1572 2392 dicavit3
1594 2361 1694 2395 prae—

238 2404 337 2432 terea
369 2396 471 2430 etiam
503 2403 671 2430 craterem
703 2409 842 2431 aureum
875 2410 917 2431 ex
950 2397 1125 2431 mulierum
1157 2396 1367 2430 ornamentis
1391 2395 1583 2431 conflatum.
1629 2407 1694 2440 pro

238 2455 306 2488 quo
339 2442 456 2476 statim
491 2443 541 2476 eis
566 2443 674 2475 honos
707 2444 867 2477 decretus
895 2448 951 2477 est
972 2447 1011 2477 ut
1034 2442 1190 2476 curribus
1215 2443 1257 2476 ad
1283 2441 1451 2475 sollennia
1470 2442 1564 2476 festa
1587 2442 1691 2475 velie

238 2495 379 2531 rentur,
416 2488 460 2522 ad
493 2499 580 2533 quae
610 2488 755 2532 pedibus
783 2489 884 2533 prius
914 2490 966 2522 ire
994 2489 1117 2523 solitae
1147 2492 1257 2524 erant.
1305 2487 1482 2521 Camillum
1507 2492 1620 2522 autem
1642 2486 1696 2520 in-

236 2534 393 2578 dignatio
418 2541 522 2578 atque
545 2534 676 2567 invidia
701 2535 817 2578 populi
840 2535 1013 2579 suscepit,
1038 2539 1109 2568 tum
1137 2534 1180 2567 ob
1203 2533 1367 2567 decimam
1390 2533 1543 2587 Apollini
1563 2544 1631 2566 non
1656 2531 1692 2565 in

236 2580 433 2624 direptione
467 2580 562 2614 urbis
595 2580 656 2613 sed
679 2583 835 2633 tempore
860 2581 982 2634 elapso
1002 2584 1212 2624 exemptam,
1247 2584 1320 2613 tum
1345 2578 1469 2623 quod'
1459 2590 1495 2611 ιιι
1517 2577 1691 2623 triumpho

234 2632 370 2669 praeter
393 2631 531 2660 caetera
555 2625 757 2659 insolentius
782 2631 862 2659 acta
882 2625 1047 2660 candidos
1071 2635 1178 2669 equos
1200 2625 1318 2659 currui
1339 2624 1522 2659 iunxisset.
1569 2638 1574 2650 1

370 2671 454 2704 Fuit
485 2677 600 2705 autem
632 2671 796 2724 triumphi
827 2671 1019 2705 huiusmodi
1050 2671 1154 2705 ratio.
1207 2682 1246 2704 re
1280 2671 1368 2704 bene
1399 2674 1498 2714 gesta
1527 2669 1689 2712 iustaque

232 2720 331 2760 parta
357 2716 502 2750 victoria
525 2717 593 2751 dux
615 2716 732 2750 statim
757 2728 778 2750 a
802 2717 962 2751 militibus
984 2717 1170 2771 imperator
1193 2716 1387 2770 appellatus
1413 2716 1526 2749 fasces
1554 2714 1686 2748 laurea-

232 2770 287 2796 tos
311 2774 374 2806 per
397 2774 557 2797 cursores
579 2762 758 2797 victoriam
782 2764 980 2798 nuntiantes
1003 2763 1040 2797 iu
1063 2762 1182 2797 urbem
1197 2761 1370 2798 mittebat.
1419 2761 1552 2796 domum
1569 2771 1688 2795 rever-

1774 161 1794 311 Ξ

1776 313 1794 423 ι
