1786 3120
0 1881 11 2023 rvr-u:

0 2580 10 2590 ς
0 2509 7 2519 a
0 2437 6 2455 v
0 2339 9 2427 ,W
0 2177 9 2327 -e-vvw-„m-‚

769 76 976 121 NOTAE.
1518 74 1618 120 637

239 189 394 244 p326
424 199 461 230 v.
485 186 526 227 9.
580 187 701 244 μολῇ]
746 188 799 227 ita
826 201 906 226 mss
935 198 1090 237 omnes,
1129 198 1242 238 quam
1280 198 1414 225 vocem
1442 186 1621 225 omiserat

123 245 313 299 wolfius.
358 244 462 285 Duc.

237 317 279 357 Ρ.
307 303 393 344 327
424 314 460 340 v.
492 301 560 342 17.
615 299 914 371 προσφέροντα]
947 300 1159 341 Θεόδοτον

186 393 190 409 ,
238 373 279 413 p.
308 358 396 411 330
426 371 463 397 v
501 357 541 408 5
594 356 660 398 καὶ
700 373 776 412 γαρ
817 354 867 398 σύ
911 372 981 409 μοι
1015 360 1090 410 τῆς
1128 356 1326 410 σωτηρίας
1364 334 1618 409 ἐφθόνησας]

125 400 301 472 plerique
323 389 623 469 interpretantur
652 421 696 452 tu
723 415 827 452 milzi
853 414 1025 452 salutem
1055 422 1167 452 tuam
1198 414 1394 452 invidisti.
1437 415 1507 453 sed
1534 427 1621 453 cum

123 473 354 514 Plutarchus
389 471 533 511 scribat
568 465 774 510 obscurum
810 472 930 514 fuisse
969 485 1036 510 cur
1068 472 1214 511 Caesar
1242 471 1401 510 Catonis
1430 472 1622 510 interitum

127 530 324 594 doluerit,.
337 532 376 568 et
400 523 641 581 ἐφθόνησας
670 544 739 580 μοι
774 531 847 580 τῆς
889 529 1087 582 σωτηρίας
1127 530 1243 568 etiam
1279 528 1441 578 intelligi
1478 528 1620 579 possit,
1643 520 1726 555 P2⁰

112 572 317 634 ,Catonem
353 593 433 626 non
470 584 698 635 dignitatem
728 588 874 624 tantum
912 587 983 624 sed
1008 585 1167 624 salutem
1199 586 1314 624 etiam
1343 585 1519 624 Caesaris
1549 598 1620 636 op-

122 642 320 697 pugnasse
349 647 492 696 (neque
520 643 621 680 enim
650 643 804 680 additur
829 645 902 695 τῆς
931 643 1127 695 σωτηρίας
1144 655 1231 692 σου,
1255 646 1294 681 et
1308 642 1485 694 ἐμαυτοῦ
1499 654 1621 692 aeque

125 699 358 752 subintelligi
382 702 528 751 potest,
558 711 608 737 ne
639 699 832 738 sententia
862 700 1015 750 quidem
1043 699 1323 751 repugnante),
1353 699 1467 737 malui
1498 699 1619 751 parti-

126 757 251 800 culam
274 763 388 795 tuam
416 756 615 806 omittere,
656 759 699 793 ut
722 757 761 794 in
790 755 931 795 Latino
962 758 1078 795 etiam
1107 770 1282 795 sermone
1309 756 1486 807 ambigua
1515 759 1620 794 esset

126 814 340 864 sententia,
372 816 510 852 utrum
534 812 679 851 Caesar
717 813 938 852 clementiae
974 814 1124 852 laudem
1150 827 1194 852 ex
1224 813 1513 852 conservatione
1543 811 1621 850 Ca-

73 894 75 898 ·
125 871 230 910 tonis
255 875 433 937 captare,
475 882 524 907 an
565 883 658 908 vero
696 883 805 908 suam
844 871 882 908 in
912 883 957 908 eo
989 870 1145 922 explere
1181 870 1413 908 iracundiam
1444 869 1620 918 voluerit,

124 929 159 966 si
188 941 273 967 eum
301 928 340 966 in
369 930 605 979 potestatem
631 927 863 977 redegisset.
908 927 970 965 W.

240 997 282 1037 Ρ.
311 983 396 1026 332
420 982 554 1025 v.14.
601 981 669 1023 καὶ
700 980 846 1024 τούτου
870 982 948 1031 δὶς
957 983 1168 1036 γεγονότος
1201 999 1227 1036 η
1245 986 1363 1038 πεῖρα
1378 981 1618 1053 ἐξηλέγχετο]

127 1041 300 1093 converti
343 1042 402 1078 ita
442 1039 504 1078 bis
538 1040 686 1091 populi
723 1042 881 1079 animos
912 1047 1094 1091 expertus
1133 1041 1314 1079 surrexit.
1370 1042 1439 1079 sed
1469 1038 1514 1081 τό
1545 1055 1621 1092 την

125 1100 273 1152 πεῖραν
303 1096 575 1151 ἐξελέγχεσθαι
603 1098 765 1149 intelligi
793 1101 937 1150 potest,
966 1097 1027 1136 vel
1056 1098 1361 1135 animadversum
1388 1110 1499 1147 esse,
1521 1097 1622 1135 Cae-

126 1164 251 1195 sarem
278 1153 494 1206 periclitari
529 1154 697 1194 voluisse
731 1155 937 1207 populum,
975 1159 1099 1193 utrum
1138 1156 1271 1205 aequis
1310 1155 1443 1192 animis
1473 1154 1622 1204 regium

126 1217 302 1251 ornatum
325 1211 471 1250 laturus
491 1216 619 1259 esset3
644 1212 717 1262 vel,
736 1213 939 1251 Caesarem
955 1211 1287 1260 animadvertisse,
1314 1215 1490 1249 conatum
1512 1224 1622 1249 suum

126 1281 236 1308 esse
246 1268 411 1319 irritum,
435 1268 581 1320 populo
612 1281 634 1306 a
656 1269 765 1337 regia
792 1282 934 1320 pompa
964 1269 1206 1307 abhorrente.
1264 1267 1325 1307 W.

240 1338 280 1377 Ρ
310 1324 395 1367 336
422 1337 459 1363 v
490 1326 529 1366 1.
582 1322 657 1377 τήν
672 1325 797 1377 τύχην
821 1321 952 1366 αύτου
966 1320 1157 1378 ὀμνύναι]
1188 1338 1263 1376 per
1276 1325 1500 1362 Fortunam
1519 1324 1623 1362 Cae-

126 1381 251 1432 saris,
288 1381 453 1421 Wolfius
490 1382 626 1421 vertit:
669 1382 804 1421 melius
827 1384 929 1420 forte
957 1396 1037 1433 per
1061 1383 1247 1433 genium,
1278 1382 1326 1419 de
1355 1394 1431 1432 qua
1460 1380 1623 1419 formula

125 1436 388 1478 consulendus
423 1451 519 1490 prae
557 1440 718 1478 caeteris
753 1439 808 1480 10.
844 1439 958 1491 Bapt.
989 1440 1207 1478 Hansenius
1237 1439 1276 1476 in
1305 1438 1369 1476 lib.
1400 1439 1449 1476 de
1476 1438 1623 1476 Iureiu-

124 1495 248 1551 raudo
278 1507 364 1547 cap
397 1495 463 1537 15.
509 1494 612 1537 Duc.

132 1578 135 1579 ν
184 1559 188 1563 “
239 1564 279 1603 Ρ.
308 1552 392 1593 336
421 1564 458 1590 v
492 1554 532 1593 2.
590 1547 660 1592 δια
693 1566 736 1592 τε
766 1547 892 1593 αύτον
919 1546 1106 1602 Ἰούλιον]
1139 1552 1194 1589 sic
1230 1564 1328 1590 mss:
1363 1551 1525 1590 Wolfius
1565 1551 1622 1588 le-

11 1623 13 1625 ·
51 1655 55 1660 .
125 1609 292 1663 gendum
316 1611 464 1658 censet,
493 1604 562 1649 διά
592 1621 648 1649 τε
664 1604 792 1649 αὐτον
822 1607 894 1650 τόν
926 1610 1187 1648 Κουϊντὶλιον
1213 1623 1284 1649 τον
1314 1610 1425 1661 μῆνα
1450 1604 1623 1649 Ἰούλιον

125 1665 480 1721 προσηγόρευσαν,
516 1670 632 1716 atque
660 1667 714 1703 ita
737 1667 864 1704 vertit.
921 1665 1022 1703 Duc.
1077 1665 1152 1715 leg.
1182 1666 1263 1704 Δία
1291 1680 1346 1707 τε.

240 1734 280 1773 Ρ.
313 1719 400 1762 340
433 1733 470 1758 v
509 1723 548 1762 8.
611 1737 738 1774 παρα
763 1725 837 1762 τοῦ
866 1719 968 1770 Διὸς
998 1719 1302 1773 μαστιζόμενον]
1335 1722 1390 1760 sic
1427 1734 1526 1759 mss:
1556 1721 1619 1758 ubi

122 1778 285 1819 Wolfius
322 1776 568 1816 “Suetonius
589 1792 765 1829 puerum
781 1779 901 1830 faeie
926 1778 1088 1816 liberali
1111 1779 1326 1816 demissam
1346 1778 1456 1816 caelo
1475 1784 1619 1815 catena

126 1848 254 1874 aurea
282 1835 342 1874 ad
354 1835 471 1887 fhres
498 1835 700 1886 Capitolii
728 1837 966 1881 constitisse,
991 1836 1106 1887 eique
1132 1836 1269 1874 Iovem
1286 1835 1512 1902 flagellum
1535 1842 1623 1872 tra—

126 1892 291 1932 didisse.
346 1892 444 1930 ltine
466 1894 647 1943 suspicor
675 1893 891 1945 legendum
919 1907 1000 1932 non
1030 1890 1333 1962 μαστιζόμενον,
1358 1893 1431 1932 sed
1451 1903 1624 1946 μαστιγα

126 1949 464 2005 ἕγχειριζόμένονῐ
494 1951 578 1987 nisi
591 1950 706 2002 sbrte
732 1951 933 2002 μαστίζειν
962 1950 1008 1987 id
1032 1951 1069 1987 ei
1094 1950 1307 2002 significet.
1309 1945 1331 1963 ’²
1378 1950 1479 1991 Duc.

129 2028 133 2033 .
239 2020 278 2058 Ρ.
306 2005 392 2048 340
419 2020 457 2046 v.
480 2007 550 2048 23.
605 2020 676 2059 pro
709 2008 963 2061 δημαρχῆσαι
990 2004 1064 2059 μὲν
1089 2007 1343 2077 ἐπεχείρησεν
1381 2007 1532 2045 videtur
1565 2006 1622 2044 le-

126 2063 306 2131 gendum
334 2063 627 2118 δημηγορῆσαι.
679 2066 854 2115 sequitur
891 2067 989 2104 enim
1027 2064 1084 2112 εἰς
1122 2079 1194 2105 τον
1243 2065 1376 2117 δῆμον
1422 2061 1625 2116 εἰσαχθεὶς

127 2115 407 2174 ἐδημηγόρησε
435 2135 476 2161 τε
505 2124 581 2160 etc.
606 2134 729 2172 quare
744 2135 823 2173 pro
847 2122 905 2160 his
929 2121 1054 2160 verbis
1080 2120 1330 2159 tribunatum
1360 2120 1513 2158 ambire
1541 2133 1624 2158 non

127 2177 296 2224 destitit,
318 2175 476 2218 “urbem
505 2178 702 2243 ingressus
733 2180 956 2218 concionem
985 2180 1035 2216 ad
1064 2179 1245 2230 populum
1273 2178 1413 2216 habere
1442 2178 1622 2227 instituit,

126 2245 253 2286 neque
281 2234 432 2273 destitit
457 2235 629 2285 quamvis
658 2235 707 2273 ab
743 2234 910 2274 Antonio
939 2235 1229 2292 prohiberetur,
1269 2236 1339 2274 sed
1367 2235 1519 2273 tribuno
1550 2233 1622 2272 sibi

128 2286 352 2330 conciliato''
381 2296 455 2330 etc.
488 2304 655 2343 reponas
684 2292 786 2331 licet.
830 2292 890 2331 W.
921 2314 979 2322 —-
1008 2293 1266 2360 δημαρχησαι
1297 2304 1388 2330 mss·
1448 2291 1551 2330 Duc.

172 2355 194 2369 ”
241 2361 281 2400 p-
304 2347 389 2390 353
417 2361 453 2386 V
483 2349 550 2391 23.
610 2349 741 2390 καίτοι
771 2351 844 2401 τῆς
872 2345 999 2403 οἷρχῆς
1023 2362 1194 2401 υστερον
1217 2346 1297 2390 ύπό
1320 2351 1394 2389 τοῦ
1417 2349 1623 2401 Καίσαρος

131 2405 360 2459 στερηθείς]
399 2419 526 2456 supra
563 2408 886 2445 commemoravit
924 2407 1090 2444 Sextum
1117 2407 1361 2457 Pompeiam
1391 2419 1417 2443 a
1456 2406 1624 2444 Caesare

130 2461 292 2500 consule
327 2464 601 2514 proscriptum
638 2478 730 2502 esse.
782 2471 856 2501 aut
893 2465 1021 2516 igitur
1057 2459 1256 2532 πρότερον
1294 2462 1510 2514 legendum
1543 2476 1621 2514 pro

128 2514 321 2584 υστερονῖ
344 2527 419 2558 aut
439 2519 631 2572 scriptori
648 2519 790 2559 danda
809 2522 928 2559 venia
950 2524 1024 2573 τῆς
1051 2516 1228 2570 αταξίας,
1251 2534 1376 2572 quam
1398 2519 1622 2571 aliquando

129 2575 340 2614 varietatis
359 2584 399 2614 et
423 2579 652 2616 attentionis
673 2592 800 2616 causa
827 2579 1049 2647 affectant.
1082 2577 1143 2616 W.
1187 2600 1244 2607 —
1282 2578 1382 2615 idem
1413 2590 1530 2629 porro
1558 2590 1622 2615 re-

130 2633 229 2684 petit
261 2633 361 2671 mfra
400 2647 437 2673 n·
478 2637 529 2677 21
570 2633 595 2676 ὅ
631 2652 707 2688 γαρ
738 2634 886 2685 Σέξτος
921 2638 995 2685 τῆς
1023 2630 1164 2688 ἀρχῆς,
1192 2650 1245 2687 ης
1274 2630 1399 2687 εἶχεν,
1438 2631 1519 2676 ύπό
1547 2649 1620 2675 του

0 2693 5 2730 ,’
64 2714 66 2716 »
131 2689 339 2743 Καίσαρος
365 2687 509 2744 πρώην
531 2692 783 2746 παραλυθεὶς
813 2697 890 2732 etc.
947 2691 1050 2733 Duc.

244 2759 285 2797 p-
316 2746 401 2788 354
428 2761 464 2786 v·
498 2750 566 2790 17
621 2747 812 2803 χρηστην]
855 2750 909 2789 ita
952 2749 1050 2788 codd
1078 2762 1176 2788 mss:
1210 2762 1286 2787 non
1322 2749 1461 2790 desunt
1491 2755 1619 2790 tamen

202 2810 372 2847 Zonarae
396 2814 559 2849 Annales
581 2814 631 2851 ΙΙ.
1280 2819 1334 2863 41
