1820 3120
274 89 375 136 348
756 86 984 130 IOANNIS
1009 87 1270 131 ZONARAE

272 197 407 252 πόλει,
442 202 626 250 καὶκτοῒς
658 206 896 257 στρατηγοῖς
927 200 1002 259 τὴν
1033 201 1220 257 φρουρὰν
1249 192 1621 259 αὗτῆςὟένεχείρισε.
1691 204 1750 258 τῷ
1790 219 1791 222 “

273 271 455 325 Καίσαρι
492 269 537 310 ὸέ
567 268 642 310 σὺν
672 273 724 326 τῇ
757 273 929 328 στρατιᾷ
959 269 1037 325 πρὸ
1071 273 1142 310 τοῦ
1180 268 1323 319 ὂίστεος
1358 270 1555 328 γενομένῳ
1589 273 1748 313 τῶντε

271 341 502 392 βουλευτῶν
524 354 626 387 τινες
648 339 716 378 καὶ
738 341 818 379 τῶν
840 341 914 380 τοῦ
937 335 1070 391 δήμου
1094 339 1234 379 πολλοὶ
1259 335 1588 394 προσεχώρησαν,
1618 339 1685 380 καὶ
1710 337 1748 379 οἶ
1787 343 1793 388 j

274 407 493 462 στρατηγοὶ
525 404 694 456 ἑαυτοὺς
725 407 791 447 καὶ
826 406 921 455 τοὺς
956 404 1207 459 στρατιώτας
1237 406 1370 463 ἐκείνῳ
1394 403 1647 463 παρέδοθανθ
1682 407 1748 447 καὶ

88 479 116 513 Ρ
140 480 158 514 Ι
182 478 251 517 499
275 473 382 517 οὕτω
416 474 491 528 τὴν
520 472 636 516 πόλιν
667 474 815 527 ἀμαχεὶ
848 474 1063 527 κατασχών
1093 472 1245 524 ὕπατος
1277 476 1342 515 καὶ
1375 467 1782 531 παρὰῖτόῧζδήμουό

268 543 576 599 ’προῦβέβλητο,
605 541 708 596 μηδ’
736 540 972 594 ἀπαντήσας
996 545 1051 592 εἷς
1071 542 1144 597 τὴν
1168 540 1447 599 συνάθροισιν,
1476 540 1551 584 ἵνα
1568 540 1628 598 μὴ
1651 544 1750 599 δοκῇ

273 610 491 666 βιάζεσθαι
514 608 694 660 τούτους.
764 612 831 652 καὶ
855 610 1066 666 συνάρχων
1090 609 1200 668 αὐτῷ
1223 610 1352 666 ἐδόθη
1375 609 1396 652 ὃ
1422 609 1595 662 Κύϊντος
1616 608 1639 664 ὅ
1662 611 1751 653 Πέ-

275 682 382 732 διος,
418 680 495 734 εἴγε
521 678 625 722 οὕτω
650 679 815 720 καλέσαι
840 679 963 721 αὐτὸν
987 679 1091 721 ἀλλὰ
1113 679 1172 733 μὴ
1195 679 1378 735 ὕπαρχον
1403 681 1476 722 δεῖ.
1627 679 1634 692 ”

416 747 536 790 Οὕτω
562 747 605 789 (5³
632 746 786 796 ὕπατος
810 748 988 803 αἱρεθεὶς
1012 746 1032 789 ὃ
1053 749 1218 804 Καῖσαρ
1241 747 1292 790 τά
1317 765 1359 790 τε
1382 749 1431 790 ἐν·
1446 751 1496 805 τῇ
1519 743 1632 788 πόλει
1651 745 1753 802 πρὸς

273 816 320 858 τὸ
360 818 506 858 δοκοῦν
543 816 654 873 αὐτῷ
689 814 986 870 κατεστήσατο,
1035 818 1101 858 καὶ
1136 815 1330 873 χρήματα
1366 823 1450 866 τοῖς
1484 812 1751 873 στρατιώταις
1762 816 1807 863 1'0

274 885 518 940 παρέσχετο,
555 882 661 941 λόγῳ
694 884 767 938 μὲν
799 884 976 937 οἴκοθεν,
1012 885 1177 942 ἴργῳιῗ
1204 886 1247 927 ἐκ
1272 890 1353 928 τῶν
1374 889 1529 936 κοινῶν,
1564 885 1632 926 καὶ
1654 880 1750 925 τού-

273 970 359 1002 τοις
392 951 513 1009 χάριν
550 950 759 1007 ὡμολόγει.
829 954 943 1010 παρὰ
977 954 1020 995 δὲ
1051 958 1137 1007 τῆς
1157 957 1310 1008 βουλῆς
1343 954 1453 1012 αὐτῷ
1487 952 1619 994 πολλὰ
1650 951 1752 1004 πρὸς

273 1021 394 1075 τιμὴν
420 1022 730 1077 ἐψηφίσθησαν,
777 1020 936 1076 δοκήσει
960 1023 1032 1075 μὲν
1057 1020 1246 1076 ἑκούσης,
1288 1027 1340 1078 τῇ
1363 1023 1405 1063 δ’
1433 1021 1609 1080 ἀληθείᾳ
1631 1018 1750 1078 φόβῳ

274 1090 526 1144 βιαζομένης.
596 1090 697 1146 πρὸς
732 1091 775 1132 δὲ
808 1096 893 1140 τοΐς
916 1090 1055 1140 ἄλλοις
1077 1092 1142 1132 καὶ
1167 1093 1223 1141 εἷς
1245 1091 1291 1132 τὸ
1315 1094 1388 1133 τοῦ
1411 1091 1620 1146 Καίσαρος
1641 1086 1752 1144 γένος

275 1158 379 1200 κατὰ
401 1158 451 1200 τὰ
476 1157 716 1212 νομιζόμενα
739 1158 996 1213 εἰσεποιήθη,
1028 1161 1094 1200 καὶ
1119 1159 1191 1213 τὴν
1214 1160 1417 1213 ἐπίκλησιν
1440 1159 1614 1215 εἴληφεν.
1639 1154 1750 1219 κώνό-
1765 1159 1813 1200 15³

220 1235 249 1270 B
274 1228 375 1281 μαζε
398 1227 472 1281 μὲν
495 1226 573 1283 γὰρ
597 1229 664 1268 καὶ
688 1225 883 1283 πρότερον
908 1227 1032 1277 αὐτὸς
1056 1225 1199 1270 ἑαυτὸν
1223 1229 1438 1284 Καίσαρα,
1475 1225 1530 1276 ὡς
1553 1225 1655 1281 μετὰ
1679 1229 1753 1267 τοῦ

275 1294 428 1351 κλήρου
464 1297 531 1336 καὶ
567 1294 639 1348 τὴν
675 1297 947 1352 προσηγορίαν
985 1295 1287 1349 διαδεξάμενος,
1331 1296 1378 1338 οὗ
1409 1295 1544 1349 μέντοι
1575 1294 1753 1348 βεβαίως

277 1364 403 1417 αὐτὴν
427 1361 505 1416 εἶχε
530 1363 607 1418 πρὸ
631 1367 704 1405 τοῦ
727 1362 876 1418 ταύτην
900 1364 1004 1405 κατὰ
1022 1365 1072 1406 τὰ
1090 1363 1240 1420 πάτρια
1258 1362 1585 1418 βεβαιώσασθαι.
1621 1361 1751 1405 ἔκτοτε
1773 1381 1782 1386 ·
1819 1386 1820 1391 =

277 1433 322 1474 δὲ
345 1430 469 1482 Γάϊος
487 1430 653 1481 Ἰούλιος
677 1433 840 1488 Καῖσαρ
860 1432 1126 1485 Ὀκταβιανὸς
1149 1431 1377 1487 ἐπεκλήθη·
1414 1429 1752 1486 νενόμισται-’γὰρ

276 1500 371 1550 τοὺς
398 1500 734 1553 υἷοθετουμένους
759 1501 837 1554 ’τὴν
868 1502 940 1554 μὲν
970 1501 1095 1555 ἄλλην
1125 1495 1350 1558 πρόσρησιν
1375 1501 1453 1543 ἀπὸ
1477 1504 1550 1543 τοῦ
1573 1501 1811 1557 &onom-20

277 1568 454 1624 σαμένου
479 1567 714 1621 λαμβάνειν,
748 1566 791 1610 (ἐν
817 1569 863 1610 δέ
883 1586 920 1611 τι
943 1574 1022 1611 τῶν
1047 1570 1251 1626 προτέρων
1275 1568 1485 1624 ὀνομάτων
1507 1573 1655 1624 τηρεῖν.

415 1637 482 1679 16.
533 1637 642 1679 Ἐπεὶ
666 1631 737 1678 οὖν
759 1636 854 1688 τούς
877 1655 917 1680 τε
943 1637 1193 1694 στρατιώτας
1215 1636 1444 1697 ᾠκειώσατο
1469 1638 1534 1680 καὶ
1557 1637 1632 1692 τὴν
1653 1641 1755 1690 βου-

370 1757 390 1790 1
413 1750 605 1799 ἐνεχείρισε
627 1755 794 1798 ABCW‚
826 1752 1026 1800 ἐνεχείρησε
1050 1755 1094 1791 Ρ.
1201 1755 1223 1791 7
1247 1752 1455 1800 βιάσασθαι
1477 1755 1521 1790 Α.
1623 1754 1668 1791 17
1692 1741 1763 1788 καὶ.

369 1813 423 1835 om
446 1802 489 1835 B.
629 1801 674 1836 19
697 1797 740 1835 δὲ
764 1813 818 1835 om
843 1801 884 1838 C.
1025 1803 1072 1836 22
1096 1812 1134 1836 τε
1162 1802 1228 1836 add
1253 1804 1281 1835 A
1298 1802 1375 1838 Dio.

373 1870 603 1950 sbFoEa-sssb
638 1870 725 1915 Cap,
758 1869 813 1907 16.
863 1868 991 1903 Dionis
1015 1868 1195 1904 Historiae
1221 1869 1406 1903 Romanae
1428 1869 1490 1903 lib.
1515 1868 1561 1904 46
1586 1881 1616 1906 c.
1643 1867 1689 1903 48
1712 1887 1755 1893 -

387 1927 431 1951 ι.
527 1927 557 1949 c.
608 1939 617 1949 .

275 2017 327 2051 tui
362 2016 459 2051 urbis
492 2017 590 2053 aditu
620 2017 900 2060 interdixerunt,
939 2017 1097 2052 civitatis
1131 2018 1291 2052 custodia
1323 2018 1546 2062 praetoribus
1567 2017 1755 2051 mandata.
1818 2029 1820 2031 ¹

276 2063 337 2097 sed
363 2074 466 2108 quum
489 2064 625 2097 Caesar
650 2064 693 2097 ad
716 2066 836 2103 urbem
863 2065 1036 2107 venisset,
1078 2064 1175 2097 multi
1207 2076 1250 2098 ex
1280 2069 1405 2098 senatu
1428 2068 1464 2097 et
1488 2063 1588 2108 plebe
1613 2063 1655 2096 ad
1681 2074 1755 2096 eum

277 2109 513 2152 transierunt,
549 2114 800 2154 praetoresque
832 2114 870 2144 et
898 2121 936 2143 se
972 2115 1009 2144 et
1039 2110 1164 2144 milites
1199 2110 1273 2144 eius
1304 2110 1385 2143 fidei
1414 2108 1658 2153 permiserunt.
1707 2108 1756 2142 sic
1819 2134 1820 2137 η

278 2156 366 2189 urbe
390 2155 479 2189 citra
499 2166 649 2200 pugnam
670 2156 805 2203 potitus
831 2156 950 2189 consul
976 2156 1080 2190 etiam
1106 2167 1127 2190 a
1148 2157 1277 2200 populo
1301 2160 1357 2189 est
1380 2155 1596 2198 designatus,
1621 2155 1656 2188 in
1672 2165 1755 2187 cou-

278 2201 406 2234 tionem
439 2212 508 2234 non
546 2212 771 2246 progressus,
809 2214 854 2235 ne
882 2201 953 2236 vim
989 2202 1118 2236 afferre
1149 2202 1285 2235 civibus
1319 2201 1509 2234 videretur.
1557 2200 1692 2245 collega
1725 2199 1758 2234 ei

279 2247 329 2289 (si
360 2251 476 2280 tamen
506 2247 555 2281 ita
587 2247 814 2282 nominandus
856 2252 913 2282 est
952 2259 994 2282 ac
1035 2259 1104 2281 non
1144 2247 1263 2294 potius
1298 2246 1518 2291 administer)
1558 2246 1660 2280 datus
1701 2249 1757 2279 est
1817 2250 1820 2253 '

279 2294 326 2334 Q.
354 2293 493 2326 Pedius.
939 2326 947 2329 ς
1652 2298 1655 2301 “

418 2337 550 2372 Consul
580 2339 694 2372 factus
726 2341 854 2372 statum
879 2338 1032 2372 civitatis
1056 2338 1229 2372 arbitratu
1255 2349 1318 2372 suo
1343 2337 1556 2383 composuit:
1589 2336 1755 2372 militibus

278 2383 471 2429 pecuniam,
499 2395 600 2429 quam
626 2396 645 2417 e
669 2384 810 2429 publico
833 2385 1061 2429 largiebatur,
1087 2396 1126 2418 se
1149 2383 1191 2418 de
1215 2395 1277 2418 suo
1302 2384 1386 2417 dare
1413 2383 1662 2426 simulavit,=et
1677 2394 1757 2428 gra—

278 2430 346 2463 tias
373 2430 459 2474 egit.
507 2441 528 2464 a
560 2435 685 2464 senatu
719 2429 814 2464 multi
845 2430 992 2464 honores
1024 2430 1075 2463 illi
1101 2441 1164 2475 per
1196 2430 1345 2476 speciem
1371 2429 1659 2472 benevolentiae,
1695 2428 1757 2462 sed

280 2487 406 2510 revera
430 2481 578 2520 cogente
602 2481 720 2519 metu,
754 2480 835 2509 sunt
858 2476 1011 2510 decreti:
1042 2480 1185 2521 praeter
1218 2479 1378 2509 caeteros
1410 2486 1496 2509 vero
1525 2474 1756 2519 in'isamiliam

279 2522 445 2555 Caesaris
470 2522 596 2556 usitato
622 2521 692 2555 ritu
717 2522 903 2566 adoptatus
927 2527 1186 2566 cognomentum
1209 2521 1245 2555 id
1269 2522 1421 2566 accepit.
1449 2521 1542 2566 quod
1566 2521 1633 2555 etsi
1658 2520 1756 2566 prius

279 2567 382 2601 etiam
406 2571 595 2613 usurparat¹
623 2567 736 2602 veluti
767 2578 836 2613 una
861 2579 936 2601 cum
964 2567 1178 2601 haereditate
1202 2572 1403 2612 acceptum,
1440 2578 1509 2601 non
1531 2571 1646 2602 tamen
1670 2577 1755 2599 con-

256 2617 412 2653 >stanter
435 2617 600 2647 tenuerat
623 2613 823 2658 priusquam
851 2625 943 2647 more
966 2613 1131 2647 maiorum
1155 2613 1391 2647 confirmatum
1419 2616 1525 2647 esset.
1573 2623 1617 2646 ex
1640 2623 1681 2645 eo
1707 2610 1751 2646 C.
1815 2644 1820 2649 ,

277 2658 385 2691 Iulius
410 2659 545 2693 Caesar
571 2658 791 2693 Octavianus
815 2663 871 2692 est
894 2659 1109 2705 appellatus:
1140 2658 1304 2692 usitatum
1335 2659 1423 2693 enim
1457 2661 1512 2692 est
1543 2661 1584 2691 ut
1607 2657 1667 2702 qui
1692 2656 1756 2690 ad·
1780 2674 1781 2677 ¹
1808 2683 1810 2685 .

277 2708 442 2750 optantur
465 2710 605 2739 caetera
630 2705 766 2739 nomina
789 2705 989 2749 adoptantis
1013 2709 1207 2748 assumant,
1233 2715 1301 2738 uno
1322 2716 1369 2738 ex
1391 2703 1578 2749 gentiliciis
1603 2706 1754 2737 retento.
1811 2729 1820 2735 .

417 2750 472 2785 16.
520 2751 698 2786 Militibus
728 2751 922 2785 conciliatis
958 2754 1152 2795 senatuque
1186 2761 1355 2795 oppresso
1380 2754 1527 2796 paterna
1552 2749 1668 2794 legata
1690 2759 1755 2794 po-
