1820 3120
293 95 392 142 274
773 93 1001 138 IOANNIS
1036 94 1300 139 ZONARAE

291 213 436 261 βησαν.
495 205 598 259 μετὰ
623 210 741 249 τοῦτο
767 207 811 249 δὲ
835 208 1062 262 ἐξαιτηθεὶς
1085 207 1199 264 παρὰ
1221 211 1302 249 τῶν
1319 200 1537 267 Ῥωμαίωνι
1552 205 1766 265 Εὗανδρόν
1807 206 1815 220 ³

106 283 134 318 P
156 283 173 318 1
196 282 268 319 459
292 292 380 317 τινα
420 275 566 329 Κρῆτα
606 275 736 317 πολλὰ
777 276 875 318 κατ’
920 275 1054 318 αὐτῶν
1093 272 1376 330 ὑπουργηκότα
1418 277 1484 317 καὶ
1525 274 1766 320 πιστότατον
1804 310 1807 313 .

289 343 414 399 αὐτῷ,
452 342 524 384 οὐκ
557 342 723 392 ἐξέδωκε
756 345 830 396 μὲν
854 345 1055 400 φοβηθεὶς
1076 342 1135 397 μὴ
1158 345 1325 400 κατείπῃ
1349 340 1560 402 ὅσαᾞῦτῷ
1585 343 1763 401 συνῄδει,
1818 353 1820 368 ¹

288 409 428 466 λάθρα
483 410 527 452 δὲ
579 410 702 453 αὐτὸν
744 412 980 461 ἀποκτείνας
1020 410 1164 453 ἑαυτὸν
1207 412 1535 467 διαχειρίσασθαι
1577 410 1763 470 ἓφήμισε.
1818 412 1820 452 i

286 477 376 521 τότε
408 478 482 530 μὲν
514 472 586 520 οὖν
620 479 657 520 οἱ
691 478 876 529 συνόντες
908 479 1020 536 αὐτῷ
1053 479 1304 536 φοβηθέντες
1327 479 1400 534 τὴν
1423 478 1611 522 ἀπιστίαν
1633 466 1820 538 αὖτοῦὅΞ

289 547 353 600 (οὐ
378 546 455 602 γὰρ
481 544 683 601 ἠγνόησαν
706 546 751 589 τὸ
775 546 999 602 γινόμενον)
1023 547 1304 600 μεθίστασθαι
1327 546 1517 604 ἤρξαντο.
1584 547 1764 598 κάκεῖνος

286 615 424 664 δείσας
445 614 502 669 μὴ
526 620 611 664 τοῖς
627 613 841 667 Ῥωμαίοις
867 616 1111 672 παραδοθῇ,
1143 616 1334 672 ἐκδρᾶναι
1356 614 1500 665 νυκτὸς
1521 615 1762 672 ἐπεχείρησε.

286 684 353 724 καὶ
377 681 525 724 ἔλαθεν
549 681 599 724 ἂν
622 682 723 738 πρὸς
748 682 886 726 Κότυν
913 683 1060 742 Θρᾷκα
1085 681 1286 738 δυνάστην
1310 684 1545 738 κομισθείς,
1571 684 1622 726 ἐἲ
1641 683 1700 739 μὴ
1724 683 1763 726 οἳ
1819 699 1820 714 ¹

288 752 448 806 Κρῆτες
483 751 606 792 αὐτὸν
638 751 914 805 ἐγκατέλιπον·
953 751 1158 804 ἐνθέμενοι
1193 751 1272 808 γὰρ
1308 750 1360 794 τὰ
1393 749 1589 808 χρήματα
1621 754 1677 802 εἷς
1709 751 1761 794 τὰ
1819 756 1820 808 J

286 822 406 859 πλοῖα
430 817 565 860 οἴκαδε
590 817 765 874 ἀπῆραν.
835 818 856 861 ὃ
891 819 934 861 δὲ
968 817 1122 876 ἡμέρας
1153 820 1227 874 μέν
1258 836 1370 870 τινας
1401 820 1530 862 αὐτοῦ
1550 819 1653 874 μετὰ
1680 821 1759 861 Φι-
1771 811 1820 864 1οῘ

235 892 264 926 Β
289 887 434 927 λίππου
460 884 547 935 ἑνὸς
569 890 650 928 τῶν
673 886 791 928 υἱέων
817 886 1090 942 κρυπτόμενος
1112 887 1272 940 ἔλαθεν,
1320 889 1403 930 ἐπεὶ
1427 887 1472 930 δὲ
1493 887 1591 938 τοὺς
1612 886 1787 938 ἄλλους’
1819 883 1820 957 Ξ

286 956 435 1003 παῖδας
475 955 542 995 καὶ
583 953 655 1008 τὴν
689 957 912 1012 θεραπείαν
954 954 1052 1010 ἔγνω
1093 953 1367 1010 κατεσχηκότα
1405 955 1476 998 τὸν
1510 954 1759 1007 Ὀκταούϊον,
1819 965 1820 992 ἐ

284 1020 433 1078 εὗρέθη
470 1020 698 1076 ἐθελοντής.
768 1025 834 1064 καὶ
874 1023 1052 1077 ἀχθέντα
1095 1025 1150 1073 εἷς
1188 1024 1263 1078 τὴν
1297 1023 1539 1080 Ἀμφίπολιν
1577 1023 1696 1067 οὐδὲν
1737 1022 1759 1066 ὃ
1819 1039 1820 1052 ¹

282 1092 454 1139 Παῦλος
479 1088 691 1141 ἐκάκωσεν,
728 1090 833 1132 ἀλλὰ
867 1092 935 1133 καὶ
967 1089 1206 1142 ἐδεξιώσατο
1240 1093 1306 1134 καὶ
1330 1089 1520 1145 ὃμόσιτον
1543 1090 1758 1147 ἐποιήσατο

284 1160 350 1200 καὶ
386 1159 427 1199 ἒν
463 1158 626 1214 ἀδέσμῳ
660 1162 823 1215 φυλακῇ
859 1157 988 1213 ἐτήρει
1021 1161 1087 1201 καὶ
1122 1161 1164 1201 ἓν
1193 1161 1393 1219 θεραπεία
1423 1154 1508 1216 ἦγε.
1575 1160 1678 1215 μετὰ
1715 1160 1759 1203 δὲ
1772 1150 1819 1201 1¹⁵

283 1230 411 1269 ταῦτα
440 1229 494 1276 εἷς
515 1226 586 1281 τὴν
605 1225 777 1268 Ἰταλίαν
801 1227 869 1269 διὰ
893 1232 965 1282 τῆς
983 1227 1177 1284 Ἠπείρου
1202 1227 1466 1283 ἀνεκομίσθη.

413 1292 462 1337 Ὁ
488 1295 531 1335 δὲ
553 1293 823 1350 Πλούταρχος
847 1295 1026 1350 ἀχθῆναι
1052 1296 1153 1350 λέγει
1178 1296 1248 1338 τὸν
1270 1296 1436 1353 Περσέα
1458 1294 1562 1352 πρὸς
1582 1294 1652 1338 τὸν
1674 1297 1759 1338 Αἰ-

281 1364 427 1416 μίλιον,
464 1364 530 1404 καὶ
564 1362 634 1404 τὸν
666 1364 964 1419 δεδακρυμένον
996 1368 1330 1419 προσυπαντῆσαι
1364 1364 1498 1422 αὐτῷ,
1533 1363 1679 1406 ἐκεῖνον
1711 1362 1755 1405 δ’

283 1433 345 1472 ἐπὶ
378 1428 510 1484 στόμα
540 1435 782 1484 καταβαλεῖν
817 1430 962 1474 ἑαυτὸν
995 1434 1060 1473 καὶ
1095 1430 1274 1487 γονάτων
1316 1430 1556 1489 ὄρεξάμενον
1597 1430 1757 1488 ἀφεῖναι

232 1501 262 1535 C
287 1499 426 1556 φωνὰς
449 1499 610 1555 ἀγενεῖς.
670 1501 736 1541 καὶ
760 1499 830 1542 τὸν
851 1501 1046 1554 Αῖμίλιον
1070 1499 1257 1555 ἀλγοῦντι
1283 1498 1486 1558 προσώπῳ
1509 1497 1813 1557 προσιδόντα20

376 1650 395 1685 1
420 1645 511 1693 μετὰ
534 1648 645 1684 τοῦτο
679 1668 724 1674 -
756 1649 778 1685 6
797 1648 1050 1695 μεθίστασθαι
1072 1647 1234 1696 ἤρξαντο
1268 1650 1390 1685 Dionis
1414 1661 1458 1685 ex
1542 1652 1616 1685 tum
1637 1649 1758 1685 Peire-
1811 1684 1814 1685 ι

374 1695 526 1730 scianum
544 1695 600 1731 74.
693 1696 715 1732 6
736 1694 934 1740 γενόμενον
956 1697 1030 1742 AB,
1055 1694 1246 1741 γινόμενον
1268 1697 1357 1733 PW.
1450 1697 1496 1731 10
1565 1692 1609 1730 δὲ
1633 1707 1689 1730 om
1710 1696 1756 1731 A.

376 1741 421 1775 13
446 1737 583 1784 εὑρέθη
609 1737 807 1785 ἐθελοντής
829 1761 876 1768 -
900 1744 943 1779 15
965 1741 1152 1790 θεραπείᾳ
1174 1736 1240 1787 ἦγε
1266 1742 1388 1776 Dionis
1411 1745 1615 1788 excerptum
1638 1741 1759 1776 Peire-

375 1787 526 1821 scianum
550 1786 606 1822 75.
630 1787 677 1820 cf.
702 1793 900 1832 excerptum
922 1789 1134 1823 Planudeum
1158 1788 1204 1823 59
1227 1788 1321 1834 apud
1342 1787 1474 1823 Maium
1496 1799 1534 1834 p.
1556 1786 1639 1832 546,
1662 1787 1758 1832 quod

376 1839 489 1886 utrum
514 1832 634 1866 Dionis
658 1835 767 1867 verba
793 1834 968 1889 ‹ssahip-eat,
991 1835 1173 1888 ipcertum.
1273 1833 1317 1890 Γ]
1345 1830 1596 1914 Πλούταρχοςᾶ
1621 1832 1758 1888 Aemilii

372 1878 482 1968 53:1³2
499 1878 611 1958 (2⁴26.
733 1879 777 1915 18
799 1890 1082 1924 προυπαντησαι
1106 1879 1150 1914 Α.
1268 1879 1292 1914 δ
1335 1890 1390 1914 om
1411 1879 1456 1914 A.
1551 1880 1570 1914 1
1619 1878 1759 1924 δραξα-

283 2058 376 2092 inter
399 2069 459 2092 eos
484 2070 552 2092 non
577 2060 754 2096 convenit.
805 2066 905 2105 post,
932 2060 1132 2095 Evandrum
1157 2059 1362 2095 Cretensem
1385 2059 1552 2094 Romanis
1575 2059 1755 2105 postulan-

284 2104 400 2146 tibus,
427 2103 525 2138 cuius
551 2105 666 2139 multis
687 2106 721 2139 in
746 2108 851 2140 rebus
876 2106 1077 2140 fidelissima
1101 2113 1221 2141 contra
1244 2117 1305 2140 eos
1327 2117 1411 2140 usus
1433 2110 1511 2140 erat
1530 2116 1661 2151 opera,
1684 2116 1755 2139 non

285 2149 432 2194 dedidit,
457 2149 591 2184 veritus
616 2163 659 2184 ne
682 2163 809 2185 arcana
832 2163 895 2186 sua
917 2152 1096 2198 proderet,
1118 2152 1182 2186 sed
1204 2163 1244 2185 eo
1269 2151 1354 2185 clam
1377 2150 1562 2185 interfecto
1583 2161 1755 2185 rumorem

285 2195 417 2240 sparsit,
441 2207 517 2229 eum
540 2196 608 2230 sibi
631 2199 741 2241 ipsum
765 2208 884 2231 manus
908 2198 1080 2232 attulisse.
1126 2202 1198 2231 tum
1218 2196 1329 2242 igitur
1349 2196 1555 2239 familiares,
1579 2196 1654 2230 eius
1673 2207 1757 2242 per-

285 2241 398 2275 fidiam
423 2241 527 2276 veriti
553 2242 686 2287 (neque
711 2243 802 2277 enim
825 2255 885 2277 eos
908 2243 944 2277 id
968 2243 1100 2277 latebat
1121 2242 1297 2287 facinus),
1319 2243 1364 2276 ab
1389 2253 1431 2276 eo
1456 2242 1654 2276 desciscere
1675 2253 1757 2276 coe-

311 2291 423 2320 erunt.
471 2298 580 2331 quare
611 2289 748 2322 veritus
781 2300 824 2322 ne
854 2288 1019 2323 Romanis
1051 2289 1256 2330 dederetur,
1291 2291 1395 2321 noctu
1427 2289 1543 2332 fugam
1571 2297 1755 2332 capessere

284 2332 456 2374 mstituit3
481 2343 522 2365 ac
545 2333 628 2367 clam
653 2334 696 2367 ad
723 2335 850 2379 Cotym
873 2335 1049 2368 Thraciae
1071 2335 1245 2379 dynasten
1267 2333 1500 2378 pervenisset,
1523 2332 1589 2367 nisi
1603 2333 1755 2367 Creten-

287 2389 343 2412 ses
378 2379 483 2412 rebus
516 2379 589 2412 suis
620 2378 656 2412 in
686 2391 792 2414 naves
822 2380 996 2426 impositis
1020 2380 1154 2414 domum
1177 2379 1396 2413 discedentes
1418 2390 1495 2413 eum
1516 2378 1754 2424 reliquissent.

286 2424 363 2469 ipse
387 2435 472 2458 vero
497 2424 547 2458 ibi
569 2435 632 2468 per
657 2424 730 2459 dies
753 2425 884 2470 aliquot
907 2437 983 2460 cum
1006 2425 1167 2480 Philippo
1189 2425 1260 2459 filio
1284 2425 1409 2459 latuit:
1444 2424 1506 2458 sed
1538 2436 1613 2459 cum
1635 2427 1756 2459 caete-

287 2481 344 2503 ros
376 2469 504 2503 liberos
538 2481 620 2504 suos
653 2471 838 2506 Octavium
872 2476 992 2506 tenere
1023 2471 1228 2513 didicisset,
1259 2471 1352 2506 ultro
1385 2482 1405 2504 e
1435 2469 1580 2505 latebris
1607 2469 1752 2515 prodiit.

285 2515 516 2560 Amphipolim
541 2516 745 2561 perductum
770 2517 899 2551 Paulus
921 2529 990 2551 uon
1012 2516 1099 2550 male
1120 2517 1308 2560 tractavit,
1330 2515 1403 2550 ‘sed
1424 2521 1585 2561 porrecta
1607 2515 1754 2550 dextera

288 2560 333 2593 ad
355 2572 505 2594 mensam
530 2572 625 2595 suam
656 2562 816 2605 admisit,
849 2568 886 2597 et
917 2563 955 2597 in
985 2563 1096 2597 libera
1125 2562 1284 2597 custodia
1315 2566 1530 2596 asservatum
1561 2561 1753 2595 honorifice

286 2606 418 2640 habuit.
465 2606 601 2648 deinde„
613 2619 675 2652 per
695 2608 842 2653 Epirum
862 2607 899 2642 in
921 2608 1059 2642 Italiam
1083 2611 1136 2642 est
1157 2608 1362 2654 perductus.

426 2652 633 2686 Plutarchus
656 2655 770 2688 refert
790 2654 982 2697 Aemilium,
1006 2665 1083 2688 cum
1105 2653 1253 2688 Perseus
1276 2653 1521 2696 adduceretur,
1546 2651 1579 2686 ei
1603 2651 1751 2686 lacrimis

288 2696 461 2742 oppletum
485 2697 622 2732 obviam
645 2698 775 2741 ivisse3
802 2699 897 2733 illum
921 2711 1007 2734 vero
1031 2699 1066 2733 in
1091 2699 1213 2734 faciem
1235 2704 1445 2744 prostratum
1469 2697 1653 2745 prehensis
1676 2696 1752 2731 eius

287 2741 435 2786 genibus
464 2755 570 2778 voces
601 2755 723 2791 parum
756 2756 946 2791 generosas
978 2744 1148 2788 edidisse3
1179 2745 1360 2780 Aemilium
1391 2750 1504 2780 autem
1533 2743 1630 2779 tristi
1652 2742 1750 2779 vultu
