1832 3126
205 111 237 155 4
515 101 518 105 ’
671 108 896 155 IOANNIS
929 111 1186 163 zoNARAE

205 227 457 279 παραχωρεῖ,
499 223 566 264 καὶ
595 221 666 277 τὴν
697 223 903 282 θυγατέρα
933 224 1160 267 Λαουΐνίαν
1190 225 1245 273 εἷς
1274 219 1404 278 γάμον
1431 222 1652 266 ἐκδίδωσιν.

204 292 305 334 ἔνθα
326 289 441 333 πόλιν
457 288 478 332 ὅ
495 291 659 341 Αἲνείας
677 291 945 348 οἰκοδομήσας
961 291 1142 347 ὠνόμασε
1159 292 1406 333 Λαουΐνιον·
1429 289 1456 345 ἣ
1473 307 1515 333 τε
1531 287 1651 347 χώρα

203 358 364 401 Λάτιον
385 357 586 414 ἐπεκλήθη
610 361 675 402 καὶ
703 361 741 403 οἳ
776 360 987 418 ἄνθρωποι
1017 361 1054 404 οἳ
1085 362 1168 403 ἐκεῖ
1183 360 1358 402 Λατῖνοι
1379 355 1651 417 προσηγορεύ-

202 432 352 482 θησαν.

153 506 179 540 Β
329 493 557 537 Ῥουτοῦλοι
588 495 630 537 δὲ
661 492 897 552 ὅμοροῦντες
925 499 976 552 τῇ
1003 492 1121 554 χώρᾳ
1153 495 1196 536 ἐκ
1225 492 1376 544 πόλεως
1391 492 1557 550 Ἀρδέας
1577 491 1683 550 ὃρ-5

200 561 400 616 μώμενοι,
443 566 510 605 καὶ
540 562 720 619 πρόσθεν
753 565 958 618 δυσμενῶς
991 562 1144 618 ἔχοντες
1179 562 1280 619 πρὸς
1308 563 1535 612 Λατίνους,
1583 562 1651 603 καὶ

200 629 289 673 τότε
322 628 493 684 ’πόλεμον
522 630 695 687 ἤραντο,
741 630 1009 689 ἐπαρήγοντος
1039 631 1175 680 αὐτοῖς
1205 631 1271 672 καὶ
1297 627 1480 686 Τούρνου
1504 623 1671 686 ἀνδρὸς

201 700 419 755 ἐπιφανοῦς
441 701 505 740 καὶ
528 703 586 756 τῷ
603 700 772 757 Λατίνῳ
795 698 1074 756 προσήκοντος,
1097 697 1140 748 ὃς
1163 698 1219 740 δι’
1239 698 1362 754 ὀργῆς
1381 697 1451 740 τὸν
1467 698 1651 742 Λατῖνον

201 767 387 821 πεποίητο
423 767 489 808 διὰ
520 767 589 809 τὸν
610 768 835 817 Λαουϊνίας
855 765 1003 822 γάμον·
1038 767 1169 822 ἐκείνῳ
1192 766 1268 822 γὰρ
1291 764 1316 819 ἧ
1340 763 1438 822 κόρη
1461 781 1652 821 προωμο-

201 832 358 889 λόγητο.
423 832 557 888 μάχης
580 830 650 876 οὖν
672 836 881 890 γενομένης
900 837 1107 878 πίπτουσιν
1130 833 1151 876 ὅ
1170 851 1211 876 τε
1231 837 1410 890 Τοῧρνος
1425 834 1491 876 καὶ
1509 831 1531 874 ὃ
1547 833 1649 875 Aa·
1660 842 1706 878 10

176 908 326 952 Χτῖνος,
367 901 439 955 τὴν
470 902 514 942 δὲ
546 903 654 955 νίκην
687 901 708 942 ὃ
742 903 908 950 Αἰνείας
939 901 1146 954 κεκόμιστο
1178 903 1244 944 καὶ
1266 902 1338 956 τὴν
1359 906 1431 944 τοῦ
1453 904 1652 958 πενθεροῦ

199 969 419 1021 βασιλείαν.
496 968 598 1020 μετὰ
635 967 679 1009 δέ
715 984 804 1009 τινα
834 965 981 1024 χρόνον
1016 971 1245 1021 συμμαχίας
1279 971 1322 1011 ἐκ
1359 973 1580 1027 Τυρσηνῶν
1612 968 1652 1011 οἳ

195 1035 423 1078 Ῥουτοῦλοι
453 1033 637 1089 τυχόντες
670 1037 848 1090 ἐπῆλθον
877 1040 933 1093 τῷ
965 1036 1132 1094 Αἷνείᾳ,
1166 1037 1232 1077 καὶ
1263 1034 1333 1077 τὸν
1354 1035 1527 1090 πόλεμον
1548 1053 1651 1079 νενι-

200 1102 385 1158 κήκασιν·
421 1103 579 1160 ἀφανὴς
614 1104 656 1145 δὲ
689 1101 710 1144 ὃ
741 1105 906 1153 Αἰνείας
934 1101 1140 1159 γενόμενος
1170 1102 1284 1157 (οὔτε
1315 1102 1392 1159 γὰρ
1425 1105 1501 1155 ζῶν
1523 1102 1649 1160 ὤφθη

201 1171 257 1214 ἴτι
281 1170 369 1213 οὔτε
391 1171 472 1225 μὴν
494 1170 689 1225 τεθνεώς)
715 1169 769 1221 ὡς
789 1171 886 1222 θεὸς
906 1172 1019 1229 παρὰ
1035 1172 1232 1221 Λατίνοις
1253 1172 1450 1226 τετίμητο.
1517 1173 1703 1219 {nesi-15

146 1244 176 1277 C
200 1243 274 1282 θεν
297 1241 362 1281 καὶ
385 1245 468 1288 τοῖς
486 1237 695 1293 Ῥωμαίοις
717 1244 789 1282 τοῦ
811 1239 1004 1297 σφετέρου
1026 1239 1161 1295 γένους
1178 1239 1396 1295 ἀρχηγέτης
1411 1237 1650 1294 νενόμισται,

201 1309 267 1349 καὶ
299 1305 511 1349 Αἷνειάὸαι
542 1311 755 1350 καλεῖσθαι
787 1308 967 1362 αὐχοῦσι.
1033 1308 1108 1363 τὴν
1139 1308 1181 1349 δὲ
1202 1311 1290 1359 τῶν
1304 1308 1498 1350 Λατίνων
1521 1307 1650 1366 ἀρχὴν

202 1373 223 1417 ὅ
248 1376 394 1430 ἐκείνου
418 1373 717 1426 υἷὸςἈσκάνιος
735 1376 948 1428 ὃιεὸἔξατο,
973 1365 1017 1426 ὃς
1033 1376 1193 1418 οἴκοθεν
1212 1376 1413 1418 συνείπετο
1431 1380 1489 1433 τῷ
1503 1377 1649 1434 πατρί·

201 1442 356 1486 οὐδέπω
388 1443 465 1500 γὰρ
499 1445 541 1485 ἐκ
571 1448 644 1497 τῆς
659 1445 886 1495 Λαουϊνίας
908 1446 1034 1486 παῖδα
1055 1444 1251 1499 ἐγείνατο,
1294 1443 1433 1499 ἔγκυον
1456 1444 1499 1486 δ’
1526 1444 1650 1500 αὐτὴν

200 1511 470 1553 καταλέλοιπε.
537 1511 605 1554 τὸν
639 1513 681 1554 δὲ
705 1512 911 1555 Ἀσκάνιον
941 1513 1264 1562 κατακλείσαντες
1291 1512 1330 1554 οἳ
1350 1511 1531 1566 πολέμιοι
1553 1513 1646 1555 ἓπο-
1656 1526 1703 1576 29

201 1576 405 1635 λιόρκουν·
435 1579 574 1630 νυκτὸς
597 1580 638 1621 δ’
664 1580 701 1621 οἳ
723 1582 898 1624 Λατῖνοι
921 1581 1055 1631 αὐτοῖς
1077 1580 1303 1635 ἐπιθέμενοι
1324 1579 1397 1635 τήν
1418 1597 1460 1622 τε
1481 1584 1647 1639 πολιορ-
1824 1585 1832 1652 ξ

203 1647 292 1689 κίαν
313 1645 457 1689 ἔλυσαν
480 1649 546 1690 καὶ
569 1647 637 1690 τὸν
660 1646 844 1703 πόλεμον.
1822 1654 1832 1682 ⁴

335 1712 497 1771 Χρόνου
531 1717 573 1758 δὲ
596 1715 879 1771 διεληλυθότος
899 1716 1197 1771 πληθυνθέντες
1226 1716 1264 1758 οἳ
1285 1717 1460 1759 Λατῖνοι
1481 1715 1555 1772 τὴν
1576 1716 1648 1771 μὲν

293 1855 314 1887 1
348 1853 525 1888 λαουνίαν
554 1855 606 1899 Β,
646 1856 706 1901 qui
742 1868 818 1890 mox
856 1853 1029 1889 λαούυιον
1067 1862 1104 1890 et
1133 1855 1185 1890 sie
1216 1855 1363 1899 ubique:
1402 1855 1432 1890 C
1466 1855 1645 1894 λατινίαν.

293 1901 588 1981 ὲὲλέἶοσιητιὲῶέὣ.
727 1904 768 1936 15
789 1901 975 1946 τετίμηται
999 1901 1040 1935 Β.
1176 1901 1222 1936 20
1244 1898 1482 1936 καταλέλοιπε
1505 1901 1557 1942 Α,
1580 1913 1646 1935 κα-

203 2065 383 2100 Laviniam
407 2067 544 2101 Aeneae
573 2068 608 2101 in
640 2069 887 2103 matrimonium
918 2069 1076 2102 collocat.
1121 2068 1165 2102 de
1195 2068 1290 2102 cuius
1321 2067 1455 2102 nomine
1483 2069 1600 2103 urbem
1625 2081 1646 2104 a

202 2122 241 2144 se
272 2112 442 2146 conditam
469 2114 602 2147 Aeneas
626 2113 806 2148 Lavinium
830 2115 1003 2148 nominat:
1039 2114 1136 2159 regio
1160 2113 1320 2157 Latium,
1352 2115 1498 2160 populus
1528 2115 1646 2149 Latini

203 2157 377 2201 appellati.

341 2203 458 2236 Rutuli
483 2215 567 2246 gens
588 2203 744 2247 finitima,
767 2206 852 2238 urbe
867 2205 980 2239 Ardea
996 2205 1144 2248 oriundi,
1169 2210 1249 2238 ante
1263 2205 1391 2239 infensi
1408 2205 1552 2249 Latinis,
1574 2210 1646 2239 tum

205 2259 340 2292 quoque
362 2249 484 2281 bellum
507 2249 707 2288 intulerunt,
731 2250 916 2285 adiuvante
939 2251 1058 2284 Turno
1083 2251 1158 2284 viro
1180 2250 1322 2293 illustri,
1347 2255 1493 2296 cognato
1518 2251 1647 2295 Latini,
1830 2282 1832 2286 .

204 2294 258 2326 cui
285 2295 328 2326 ob
349 2294 517 2327 Laviniae
540 2295 677 2339 nuptias
702 2295 813 2329 iratus
838 2301 931 2340 erat,
966 2297 1033 2330 sibi
1059 2297 1154 2340 prius
1177 2297 1377 2341 desponsae.
1421 2308 1536 2342 pugna
1559 2297 1646 2330 inita
1824 2305 1832 2340 „ff

205 2344 240 2372 et
262 2339 407 2373 Latinus
431 2344 467 2372 et
491 2340 628 2373 Turnus
653 2341 799 2381 cadunt3
823 2342 956 2376 Aeneas
979 2347 1013 2375 et
1036 2341 1215 2375 victoriam
1240 2347 1276 2375 et
1292 2342 1402 2375 soceri
1418 2353 1558 2387 regnum
1575 2342 1647 2376 adi-

204 2384 359 2428 piscitur.
408 2385 582 2430 aliquanto
618 2391 695 2430 post
724 2386 844 2420 Rutuli
879 2387 1016 2422 adscitis
1047 2387 1307 2430 Tyrrhenorum
1339 2388 1474 2422 auxiliis
1495 2388 1645 2422 Aeneam

201 2430 376 2464 vicerunt:
403 2430 462 2475 qui
485 2443 557 2464 cum
582 2442 691 2475 neque
716 2433 837 2466 vivens
860 2445 972 2478 neque
994 2437 1146 2466 mortuus
1170 2444 1310 2478 usquam
1327 2434 1516 2476 videretur,
1539 2445 1560 2467 a
1574 2434 1644 2467 La-

198 2476 280 2508 tinis
312 2487 375 2519 pro
407 2477 469 2509 deo
495 2478 603 2510 cultus
635 2481 699 2511 est.
758 2478 835 2511 hinc
869 2483 903 2512 et
938 2480 1108 2513 Romanae
1139 2479 1251 2522 gentis
1283 2484 1401 2513 auctor
1459 2480 1642 2522 erhibetur,

199 2525 235 2554 et
280 2521 477 2555 Aeneadum
524 2523 785 2567 appellationem
834 2525 1052 2558 honorificam
1095 2525 1162 2558 sibi
1211 2525 1352 2558 ducunt.
1422 2492 1562 2559 Keneae
1607 2525 1643 2558 in

198 2577 305 2610 regno
346 2567 542 2601 Latinorum
587 2568 752 2602 Ascanius
785 2570 892 2613 filius,
935 2570 1044 2604 Troia
1083 2575 1215 2613 patrem
1256 2575 1416 2615 secutus,
1457 2571 1642 2605 successim
1829 2595 1832 2611 ᾗ

200 2612 342 2645 necdum
367 2613 453 2646 enim
481 2614 587 2647 filium
610 2614 641 2647 ei
657 2614 804 2647 Lavinia
826 2622 1019 2661 pepererat,
1045 2626 1237 2659 praegnans
1259 2616 1395 2650 relicta.
1442 2628 1516 2650 cum
1532 2616 1641 2650 Asca-
1827 2614 1832 2644 l

199 2657 288 2690 nium
312 2658 425 2691 hostes
449 2659 658 2702 obsiderent,
681 2660 799 2693 Latini
826 2672 883 2695 eos
907 2669 1008 2697 noctu
1032 2661 1145 2695 adorti
1170 2667 1206 2695 et
1228 2662 1437 2696 obsidionem
1461 2666 1495 2696 et
1517 2662 1640 2695 bellum

194 2704 450 2748 propulsarunt.

331 2749 453 2793 Aliquo
479 2754 631 2794 tempore
656 2756 756 2795 post⁷
780 2753 975 2787 abundante
999 2752 1136 2786 Lavinii
1162 2752 1393 2794 multitudine,
1416 2752 1571 2798 plerique
1599 2763 1640 2785 eo
