1820 3120
241 107 337 153 120
709 107 936 152 IOANNIS
957 108 1217 152 ZONARAE
1774 160 1787 198 J

237 237 370 271 ναντο,
397 219 568 275 μηδενὸς
590 218 772 264 τοιούτου
795 219 911 279 ἔργου
935 226 1045 279 σφᾶς
1069 223 1252 264 δεῖσθαι·
1287 218 1444 272 πάντως
1465 221 1543 279 γὰρ
1566 221 1692 266 αὐτοῦ
1787 231 1789 233 ’

236 291 302 330 καὶ
325 287 457 338 ἄλλως
478 286 702 344 κρατήσειν.
769 294 953 345 ποταμοῦ
985 291 1028 332 δὲ
1061 289 1128 331 διὰ
1159 289 1283 343 μέσου
1310 293 1390 332 τῶν
1412 291 1691 347 στρατοπέδων

233 356 306 398 οὐκ
347 354 588 409 εὖδιαβάτου
628 356 808 415 ῥέοντος,
861 357 1007 415 ἤροντο
1047 355 1215 412 πότερον
1257 356 1378 406 αὐτὸς
1410 362 1690 414 περαιωθῆναι

230 421 418 476 βούλεται
455 424 607 476 ἀδεῶς,
641 425 773 468 αὐτῶν
809 425 1176 482 ἀναχωρησάντων,
1223 423 1249 479 ἢ
1285 425 1444 475 ἐκείνοις
1478 426 1690 483 ἐπιτρέψαι
1788 474 1790 478 J

201 537 203 539 ,
229 496 350 535 τοῦτο
376 496 561 547 ποιῆσαι,
583 492 643 535 ἵν’
673 494 714 544 ἐξ
735 493 957 536 ἀντιπάλου
980 492 1137 549 μάχης,
1162 493 1358 549 ἀκεραίων
1380 496 1461 536 τῶν
1483 491 1723 548 δυνάμεωνό
1784 490 1795 551 J

231 562 287 610 εἷς
312 566 453 618 χεῖρας
485 562 717 614 ἔλθουσῶν,
761 559 781 602 ὃ
813 565 885 616 τῆς
919 562 1104 617 ἀνδρείας
1134 560 1293 617 ἔλεγχος
1325 561 1474 616 γένοιτο
1508 561 1691 618 ἀκριβής.

231 627 269 670 οἳ
299 629 372 682 μὲν
403 623 473 670 οὖν
501 627 701 683 “Ρωμαΐοι
736 628 838 685 πρὸς
860 627 1106 683 κατάπληξιν
1130 629 1199 672 τὸν
1221 628 1340 684 λόγον
1361 629 1565 683 ἐποίησαν,
1599 627 1622 671 ὃ
1648 631 1692 672 δὲ
1755 626 1758 632 ’

229 693 399 754 Πύρρος
431 696 567 747 αὐτοῖς
602 697 732 753 ἀφῆκε
767 698 957 751 διαβῆναι
987 697 1057 740 τὸν
1088 695 1283 751 ποταμόν,
1316 697 1420 752 μέγα
1444 701 1605 753 φρονῶν
1628 698 1693 740 ἐπὶ

229 770 313 814 τοῖς
335 764 536 820 ἐλέφασιν.
604 765 642 806 οἳ
667 765 710 806 δὲ
726 762 926 819 ςΡωμαῖοι
947 763 999 808 τά
1021 783 1062 808 τε
1089 764 1192 807 ἄλλα
1216 763 1598 822 παρεσκευάσαντο,
1624 767 1692 808 καὶ

41 837 70 872 Ρ
93 837 110 872 1
137 837 206 876 376
229 832 330 887 πρὸς
365 832 459 881 τοὺς
499 831 718 889 ἐλέφαντας
756 834 918 889 κεραίας
953 834 1024 891 ἐφ’
1065 831 1232 887 ἁμαξῶν
1268 834 1589 890 σεσιδηρωμένας
1623 835 1689 876 καὶ
1701 841 1746 876 10

229 898 483 953 πανταχόθεν
515 898 765 957 προεχούσας
795 899 1040 955 ἡτοίμασαν,
1076 902 1147 943 ἵνα
1184 892 1408 951 τοξεύοντες
1444 901 1518 942 ἀπ’
1560 901 1691 944 αὐτῶν

230 966 334 1008 ἄλλα
371 984 413 1009 τε
447 970 514 1009 καὶ
549 973 630 1024 πῦρ
666 968 852 1021 ἐμποδῶν
888 969 1003 1024 σφίσι
1037 969 1233 1023 γίνωνται.
1300 970 1592 1025 προσμίξαντες
1633 970 1692 1021 δέ,

226 1033 362 1092 χρόνῳ
394 1035 468 1088 μὲν
501 1035 540 1077 οἳ
564 1034 765 1089 ςΡωμαῖόι
797 1037 892 1087 τοὺς
913 1035 1130 1091 (Έλληνας,
1166 1035 1340 1079 ἐώσαντο
1365 1036 1409 1077 δ’
1436 1032 1519 1088 οὖν,
1540 1037 1694 1093 ’μέχρις

230 1101 251 1144 ὃ
274 1101 445 1159 Πύρρος
477 1109 561 1154 τοῖς
593 1104 781 1160 ἐλέφασιν
812 1104 859 1147 οὐ
892 1105 996 1147 κατὰ
1029 1105 1102 1155 τὰς
1137 1102 1297 1159 ἁμάξας
1329 1103 1422 1146 ἀλλ’
1447 1105 1511 1146 ἐπὶ
1535 1102 1693 1162 θάτερα

229 1169 551 1227 προσβοηθήσας
584 1172 720 1222 αὐτοῖς
743 1173 816 1228 τὴν
834 1174 958 1215 ἵππον
982 1177 1096 1229 σφῶν
1120 1174 1187 1214 καὶ
1210 1174 1302 1228 πρὶν
1326 1174 1548 1228 προσμῖξαι
1571 1171 1690 1231 φόβῳ
1702 1186 1745 1221 15

229 1242 309 1281 τῶν
343 1240 502 1296 θηρίων
538 1240 751 1296 ἐτρέψατο.
818 1245 876 1298 τῷ
899 1242 1035 1294 μέντοι
1060 1242 1163 1298 πεζῷ
1188 1241 1302 1283 οὐδὲν
1325 1241 1428 1296 μέγα
1452 1238 1692 1294 ἐλυμήνατο.

228 1306 304 1348 κᾶν
326 1306 455 1364 τούτῳ
480 1311 559 1349 τῶν
576 1306 781 1350 Ἀπούλων
803 1309 906 1359 τινὲς
928 1309 990 1350 ἐπὶ
1013 1308 1057 1350 τὸ
1082 1313 1161 1350 τῶν
1178 1309 1438 1364 Ἠπειρωτῶν
1461 1306 1693 1365 ὡρμηκότες

228 1373 498 1431 στρατόπεδον
520 1379 593 1430 τῆς
615 1379 725 1431 νίκης
750 1375 867 1418 αἴτιοι
891 1383 974 1426 τοῖς
991 1374 1210 1429 εΡωμαιόις
1233 1376 1421 1431 ἐγένοντο.
1478 1377 1590 1426 τινὰς
1612 1377 1691 1433 γὰρ

175 1449 206 1485 Β
230 1446 310 1485 τῶν
341 1443 579 1498 μαχομένων
614 1445 679 1486 ἐπ’
715 1444 861 1494 αὐτοὺς
894 1449 967 1487 τοῦ
996 1443 1169 1500 Πύρρου
1205 1445 1440 1498 πέμψαντος
1474 1442 1619 1494 πάντες
1653 1445 1693 1487 οἳ

228 1513 358 1552 λοιποὶ
381 1510 683 1568 ἐταράχθησαν,
718 1514 784 1554 καὶ
815 1511 888 1563 τάς
921 1529 962 1555 τε
996 1512 1144 1567 σκηνὰς
1178 1511 1395 1555 ἑαλωκέναι
1429 1513 1496 1554 καὶ
1519 1513 1746 1564 ἕκείνους20

228 1577 386 1635 φεύγειν
407 1578 730 1634 ὑποτοπήσαντες
754 1581 962 1624 ἐνέδοσαν*
1005 1582 1073 1622 καὶ
1098 1582 1235 1635 συχνοὶ
1260 1580 1393 1623 αὐτῶν
1416 1579 1569 1633 ἔπεσον,
1604 1580 1627 1623 ὅ
1649 1598 1691 1624 τε

224 1645 395 1705 Πύρρος
428 1650 495 1690 καὶ
534 1647 649 1691 ἄλλοι
683 1652 764 1692 τῶν
801 1651 841 1693 ἓν
875 1649 976 1692 τέλει
1011 1651 1152 1692 πολλοὶ
1183 1647 1444 1707 ἐτρώθησαν,
1489 1651 1557 1691 καὶ
1588 1649 1693 1704 μετὰ

322 1800 342 1832 1
366 1795 474 1842 ἔργου
498 1799 596 1843 σφοῖς
617 1800 650 1835 Α
673 1800 798 1836 Dionis
822 1812 912 1844 exc„
935 1799 1032 1844 σφοῖς
1056 1797 1162 1843 ἔργου
1185 1799 1276 1836 PW.
1400 1798 1424 1834 3
1445 1791 1628 1844 πρότερον
1648 1802 1693 1835 Α.

320 1843 342 1879 7
363 1844 436 1879 τῶν
463 1843 579 1890 λόγων
593 1846 637 1880 Α.
741 1845 765 1881 8
787 1840 903 1891 ἐφῆκε
925 1846 969 1883 Α.
1071 1845 1117 1883 17
1139 1841 1330 1880 ἄπουλίων
1353 1844 1398 1879 A.
1490 1841 1548 1890 τὸ]
1570 1846 1623 1893 τῷ
1645 1846 1690 1881 Α.

227 1989 328 2012 esse:
352 1989 391 2013 se
414 1979 505 2014 enim
529 1979 656 2025 alioqui
681 1981 816 2015 omnino
839 1980 1035 2027 superiores
1058 1980 1116 2014 illo
1139 1982 1288 2015 futuros.
1328 1985 1364 2014 et
1389 1991 1464 2014 cum
1487 1980 1694 2025 profundum

225 2024 355 2059 flumen
394 2030 507 2060 castra
547 2027 692 2060 medium
733 2027 932 2070 dirimeret,
972 2026 1142 2061 sciscitati
1181 2030 1262 2060 sunt
1298 2030 1412 2060 utrum
1443 2026 1520 2070 ipse
1555 2026 1694 2072 impune

227 2071 392 2114 transire,
417 2082 455 2105 se
478 2071 666 2116 digressis,
690 2084 734 2106 an
758 2073 824 2107 sibi
846 2073 1049 2107 transeundi
1072 2077 1277 2117 potestatem
1304 2072 1388 2105 dare
1411 2071 1549 2115 mallet,
1574 2078 1612 2105 ut
1636 2083 1695 2106 ae-

228 2116 323 2159 quali
345 2127 479 2162 pugna,
513 2117 672 2163 utrisque
702 2118 811 2163 copiis
834 2118 976 2163 integris
1002 2116 1216 2162 congressis,
1248 2117 1292 2151 de
1323 2116 1528 2151 fortitudine
1559 2123 1691 2152 certum

226 2161 305 2195 fieri
329 2161 490 2196 iudicium
515 2170 643 2208 posset.
691 2165 779 2198 hanc
809 2164 984 2210 optionem
1018 2175 1092 2197 cum
1117 2162 1264 2196 Romani
1293 2162 1428 2207 Pyrrho
1461 2162 1606 2197 terroris
1639 2163 1694 2196 in-

227 2206 380 2240 cutiendi
403 2219 508 2242 causa
531 2208 719 2253 dedissent,
743 2210 800 2244 ille
826 2210 964 2244 multum
988 2208 1180 2254 elephantis
1196 2209 1305 2242 fretus
1323 2219 1381 2241 eos
1399 2208 1525 2242 flumen
1541 2208 1692 2242 transire

226 2263 349 2297 passus
369 2258 435 2289 est.
484 2253 631 2288 Romani
654 2267 739 2289 vero
762 2260 842 2289 cum'
863 2255 929 2290 alia
952 2260 1213 2301 praepararunt,
1240 2258 1311 2287 tum
1335 2253 1505 2288 adversus
1527 2254 1693 2299 elephan—

226 2302 284 2331 tos
308 2298 457 2333 ferratas
483 2300 599 2334 hastas
626 2306 850 2335 antennarum
873 2302 983 2335 instar
1006 2301 1163 2334 curribus
1187 2299 1337 2332 insertas
1365 2304 1403 2332 et
1434 2299 1585 2344 undique
1608 2299 1691 2333 emi-

227 2348 350 2377 nentes
372 2350 555 2389 pararunt,
580 2349 620 2379 ut
644 2358 719 2380 cum
743 2347 810 2381 alia
832 2351 902 2381 tum
925 2347 1040 2391 ignem
1063 2345 1144 2379 inde
1168 2345 1395 2387 eiaculantes‚
1419 2345 1552 2379 belluas
1576 2346 1694 2390 repel-

225 2389 351 2424 lerent.
397 2402 472 2424 cum
497 2391 539 2424 ad
564 2403 681 2425 manus
706 2399 846 2427 ventum
871 2397 981 2436 esset,
1015 2390 1160 2425 Romani
1185 2391 1340 2423 Graecos
1363 2400 1442 2424 sero
1468 2390 1605 2435 quidem
1628 2391 1692 2425 sed

225 2435 365 2469 tandem
389 2437 616 2482 pepulerunt,
648 2437 758 2471 donec
780 2439 937 2482 Pyrrhus
970 2436 1164 2482 elephantis
1193 2435 1230 2469 in
1261 2435 1420 2470 auxilium
1446 2447 1512 2470 non
1537 2447 1605 2481 qua
1626 2437 1695 2470 fal-

227 2481 298 2514 cati
322 2492 443 2515 currus
465 2483 607 2517 stabant
628 2483 689 2516 sed
715 2484 751 2517 in
776 2485 918 2518 alteram
941 2488 1073 2527 partem
1102 2481 1263 2515 adductis
1288 2481 1479 2526 equitatum
1502 2481 1693 2515 Romanum

228 2530 364 2560 terrore
396 2527 586 2562 belluarum
620 2534 703 2562 ante
736 2540 956 2574 congressum
994 2527 1205 2574 profligavit.
1258 2527 1319 2560 sed
1358 2527 1534 2572 peditibus
1571 2537 1692 2572 parum

227 2571 504 2609 incommodavit.
551 2574 686 2608 interea
716 2575 856 2618 quidam
879 2574 983 2620 Apuli
1005 2574 1225 2619 Epirotarum
1258 2577 1373 2606 castra
1405 2572 1562 2617 aggressi
1586 2583 1692 2606 causa

227 2617 398 2652 victoriae
427 2619 590 2654 Romanis
628 2621 852 2655 exstiterunt.
900 2632 979 2654 nam
1012 2631 1086 2654 cum
1117 2619 1274 2662 Pyrrhus
1310 2618 1441 2663 aliquot
1473 2629 1517 2651 ex
1551 2617 1593 2651 iis
1631 2618 1692 2662 qui

226 2665 432 2707 pugnabant
453 2670 577 2699 contra
602 2677 660 2699 eos
681 2666 851 2711 misisset,
882 2665 1006 2711 reliqui
1030 2676 1147 2699 omnes
1168 2663 1323 2707 turbati,
1354 2668 1391 2697 et
1413 2663 1563 2697 tentoria
1587 2667 1691 2708 capta

229 2718 307 2741 esse
340 2713 376 2742 et
410 2710 489 2744 illos
517 2713 641 2756 fugere
672 2712 825 2756 opinati,
859 2711 1089 2753 inclinarunt3
1124 2721 1310 2754 eorumque
1341 2708 1441 2743 multi
1473 2709 1566 2742 caesi
1597 2713 1691 2750 sunt,

227 2754 384 2799 Pyrrhus
415 2756 492 2801 ipse
526 2761 563 2792 et
594 2769 637 2792 ex
672 2757 870 2803 praecipuis
901 2757 1094 2802 complures
1129 2755 1323 2798 vulnerati,
1357 2765 1397 2789 ac
1430 2759 1510 2800 post
1536 2765 1610 2789 cum
1646 2754 1691 2788 ob
