1794 3120
288 111 352 157 92
761 111 987 159 IOANNIS
1015 115 1272 160 ZONARAE

283 242 415 279 μενον,
450 222 634 282 ἀσαφοῦς
654 226 917 284 τυγχάνοντος
937 234 1011 273 τοῦ
1028 234 1230 287 χρησμοῦ.
1272 226 1451 288 Μάρκος
1473 231 1518 275 δὲ
1539 228 1739 291 Κοῦρτιος

284 293 386 349 ἀνὴρ
410 293 661 351 εὐπατρίδης,
694 297 780 347 νέος
802 298 874 352 τὴν
895 295 1064 352 ἡλικίαν,
1097 296 1344 353 ὥραιότατυς
1365 298 1438 354 τὴν
1458 299 1635 359 μορφήν,
1653 302 1737 359 ῥω-

278 359 536 413 μαλεώτατος
555 364 630 419 τὴν
651 363 787 419 ἰσχύν,
831 365 1108 423 ἀνδρειότατος
1129 367 1203 422 τὴν
1225 364 1388 421 ψυχήν,
1407 366 1622 425 .,,φρονῆσει
1644 371 1737 412 δια-

279 428 454 485 πρεπής,
488 429 556 473 τὸν
586 436 680 474 νοῦν
712 435 841 484 συνεὶς
870 438 942 476 τοῦ
969 439 1158 491 χρησμοῦ
1182 434 1397 492 παρελθών
1419 436 1620 490 εἲς-μέσον
1640 438 1736 492 ἐδη-

275 495 478 555 μηγόρησε
501 500 624 555 λέγων
639 496 712 542 “tl
729 506 809 544 τῶν
831 503 974 558 λογίων
998 502 1223 560 ἀσάφειαν,
1263 497 1296 545 ὦ
1313 501 1548 558 (Ρωμαῖοι,
1572 504 1768 561 ἢᾶμα-ὃ

277 565 375 608 θίαν
407 565 522 621 ἡμῶν
554 569 686 611 αὐτῶν
717 569 1117 627 καταψηφιζόμεθας
1160 569 1274 626 ἡμεῖς
1305 573 1423 625 ἐσμεν
1453 573 1660 628 warado)
1687 574 1734 617 τὸ

277 631 515 689 ζητούμενόν
537 653 578 678 τε
601 638 666 678 καὶ
691 636 975 693 ἀπορούμενον.
1043 638 1090 681 οὗ
1115 637 1193 695 γάρ
1216 657 1255 681 τι
1271 637 1433 693 ἄψυχον
1454 637 1642 695 ἐμψύχου
1663 644 1735 683 λο·

274 700 514 757 γισθήσεται
539 704 709 758 βέλτιον,
745 705 839 747 οὐδὲ
860 709 935 748 τοῦ
956 704 1067 748 ἕννου
1091 709 1158 748 καὶ
1181 706 1383 764 ἔμφρονος
1403 708 1471 749 aaa
1493 705 1599 766 λόγῳ
1621 725 1735 751 κεκο-

89 771 118 805 Ρ
141 772 159 806 I
181 773 250 809 361
274 770 480 825 σμημὲνου
502 772 549 814 τὸ
571 772 692 814 ἄνουν
715 771 860 828 ’ἄλογόν
882 791 924 816 τε
947 775 1013 816 καὶ
1036 773 1170 831 ἄφρον
1191 773 1555 832 προτιμηθήσεται.
1584 777 1639 819 ,τί
1654 776 1732 834 γὰρ

274 837 324 880 ἄν
347 856 407 888 τις
429 839 648 895 ἀνθρώπου
672 842 938 897 προκρίνοιεν,
967 843 1037 884 ἵνα
1057 847 1175 885 τοῦτο
1199 844 1239 893 ἒς
1260 842 1332 898 τὴν
1354 847 1427 898 τῆς
1447 847 1521 900 γῆς
1539 841 1733 898 βαλόντες
1741 851 1787 887 10

273 904 498 958 διάστασιν,
514 907 647 960 ἀὐτὴν
668 906 983 962 συναγάγοιμενς
1004 909 1076 951 οὐκ
1095 909 1199 954 ἔστιν
1219 911 1334 953 οὐδὲν
1355 912 1455 963 ζῶον
1473 911 1626 967 θνητόν
1637 912 1728 955 οὐδ’

273 971 435 1027 ἄμεινον
457 974 551 1016 οὐδ’
578 973 836 1030 ἰσχυρότερον
867 973 1103 1031 ἀνθρώπου.
1172 979 1206 1018 εἲ
1233 976 1311 1034 γάρ
1333 995 1372 1020 τι
1395 981 1462 1022 δεῖ
1479 981 1547 1022 καὶ
1568 984 1732 1038 θρασυ-

273 1039 439 1095 νόμενον
462 1043 582 1083 εἰπεῖν
591 1073 605 1093 ,
640 1041 729 1084 οὔτ’
763 1041 980 1099 ἄνθρωπος
1012 1044 1126 1086 οὐδὲν
1161 1043 1259 1086 ἄλλο
1292 1046 1398 1088 ἐστὶν
1426 1045 1453 1101 ἢ
1480 1046 1584 1098 θεὸς
1610 1052 1731 1103 σῶμα

270 1108 423 1163 θνητὸν
444 1107 545 1163 ἔχων
555 1141 570 1162 ,
614 1108 704 1152 οὕτε
727 1110 826 1161 θεὸς
848 1110 946 1154 ἄλλο
976 1128 1015 1154 τι
1037 1110 1066 1166 ἢ
1087 1110 1306 1169 ἄνθρωπος
1327 1111 1543 1168 ἀσώματος
1563 1113 1731 1158 κάντεῦ-

270 1181 346 1219 θεν
381 1174 610 1228 ἀθάνατος·
644 1179 711 1220 καὶ
743 1179 790 1220 οὗ
822 1177 961 1236 πόρρω
983 1183 1057 1234 τῆς
1078 1181 1194 1230 θείας
1217 1180 1424 1235 δυνάμεως
1443 1181 1728 1240 οἷπηρτήμεθα.
1741 1191 1783 1227 15

269 1250 398 1287 ταῦτα
421 1245 497 1300 ἐγώ
518 1248 590 1300 μὲν
616 1245 721 1289 οὕτω
745 1251 896 1303 φρονῶ,
921 1248 1019 1298 ἀξιῶ
1039 1248 1083 1289 δὲ
1105 1249 1171 1289 καὶ
1193 1247 1301 1302 ὑμᾶς
1322 1254 1372 1306 τῇ
1392 1247 1531 1307 γνώμῃ
1549 1252 1731 1308 προσθέ-

268 1317 372 1356 σθαι
395 1312 536 1370 ταύτῃ.
603 1316 670 1357 καὶ
692 1313 751 1368 μή
774 1331 834 1365 τις
858 1313 1038 1369 οἰήσαιτο
1062 1314 1122 1358 ὅτι
1141 1320 1288 1372 κλῆρον
1311 1316 1532 1372 ποιήσομαι
1553 1318 1583 1374 ἢ
1605 1317 1729 1377 κόρην

268 1380 441 1424 κελεύσω
468 1386 609 1424 θανεῖν
635 1381 661 1437 ἢ
689 1381 921 1440 μειράκιον·
956 1382 1077 1433 αὐτὸς
1103 1383 1180 1440 γὰρ
1210 1384 1287 1440 ἐγὼ
1313 1383 1414 1428 ἑκὼν
1441 1386 1614 1440 ἐμαυτὸν
1629 1385 1728 1441 ὑμῖν

214 1459 244 1492 Β
267 1450 500 1503 ἐπιδίδωμι,
531 1451 599 1492 ἵνα
624 1450 799 1508 σήμερον
827 1451 967 1494 αὐτίκα
994 1450 1149 1507 κήρυκα
1175 1453 1364 1508 πέμψητέ
1376 1470 1426 1507 με
1445 1455 1512 1496 καὶ
1529 1459 1726 1512 πρεσβευ-

263 1517 337 1572 τὴν
353 1520 631 1573 τοῖςχθονιόις
646 1523 759 1570 θεοῖς
771 1551 782 1572 ,
818 1517 1004 1573 ἐσόμενον
1023 1519 1083 1561 ἀεὶ
1100 1518 1214 1574 ὑμῶν
1230 1518 1457 1577 προστάτην
1474 1524 1542 1565 καὶ
1558 1521 1722 1578 σῦμμα-
1733 1531 1781 1567 2⁰

258 1585 372 1639 χον.”
443 1591 571 1629 ταῦτα
604 1587 723 1631 εἰπὼν
748 1585 769 1628 ὃ
791 1586 990 1644 Κούρτιος
1017 1587 1068 1629 τὰ
1099 1586 1203 1633 ὅπλα
1229 1587 1520 1642 ἐνεδιδύσκετο,
1555 1589 1638 1634 εἶτα
1658 1593 1725 1634 καὶ

264 1657 337 1696 τοῦ
362 1656 488 1697 ἵππου
514 1655 651 1711 ἐπέβη.
718 1656 756 1699 οἳ
773 1655 819 1698 δ’
842 1655 956 1699 ἄλλοι
973 1659 1195 1714 περιαλγεῖς
1210 1657 1381 1713 ἐγίνοντο
1398 1659 1465 1701 καὶ
1483 1667 1723 1718 περιχαρεῖς,

351 1761 378 1797 ’7
404 1763 458 1807 τι]
482 1774 537 1803 τις
559 1763 601 1799 C.
740 1764 785 1798 10
809 1762 1037 1807 προκρίνειεν
1058 1764 1102 1798 Α.
1257 1765 1302 1799 11
1327 1759 1397 1799 οὐκ
1421 1760 1517 1801 ἔστιν
1540 1761 1652 1801 οὐδὲν
1673 1786 1720 1793 -

354 1810 399 1843 15
421 1803 627 1843 κάντεῦθεν
655 1804 850 1849 ἀθάνατος
879 1821 923 1843 ex
960 1810 1072 1844 Dione
1104 1810 1210 1844 habet
1242 1809 1476 1856 Florilegium.
1501 1812 1719 1857 Vaticanum,

350 1853 570 1935 {pi-ipsarum
594 1859 665 1891 vet.
689 1866 802 1890 novae
824 1855 959 1889 collect.
983 1856 1053 1891 vol.
1075 1856 1098 1891 2
1119 1868 1158 1903 p.
1179 1855 1248 1891 532
1271 1855 1339 1891 533
1361 1856 1418 1894 16.
1563 1858 1610 1893 20
1632 1854 1722 1904 ὑμῖν

257 1990 434 2037 explicata
467 1994 522 2025 est
547 1989 758 2035 difficultas,
791 1994 936 2037 propter
959 1992 1221 2027 obscuritatem.
1267 2003 1385 2027 verum
1409 1992 1550 2028 Marcus
1574 1993 1718 2028 Curtius

260 2037 317 2071 vir
339 2036 528 2081 patricius,
554 2041 669 2070 aetate
690 2037 841 2083 integra,
864 2038 974 2072 forma
995 2038 1235 2083 pulcherrima,
1260 2038 1388 2072 viribus
1412 2039 1578 2083 maximis,
1604 2040 1716 2074 animo

258 2082 449 2117 fortissimo
463 2108 473 2126 ‚
506 2082 690 2126 prudentia
713 2082 974 2127 ornatissimus,
1008 2084 1144 2118 oraculo
1166 2083 1339 2117 intellecto
1363 2095 1425 2128 pro
1448 2085 1606 2119 contione
1628 2085 1719 2120 dixit

250 2125 363 2173 “quid
387 2128 634 2162 obscuritatem
654 2129 801 2172 oraculi,
834 2129 1014 2173 Quirites,
1039 2133 1097 2163 aut
1119 2129 1319 2163 tarditatem
1342 2129 1555 2174 ingeniorum
1576 2135 1717 2165 nostro-

259 2185 334 2207 rum
360 2174 586 2207 accusamus?
622 2185 685 2208 nos
707 2175 742 2207 id
766 2185 880 2208 sumus
900 2175 991 2219 quod
1015 2174 1191 2219 quaeritur
1213 2185 1395 2219 omnesque
1408 2186 1593 2221 suspensos
1606 2181 1717 2212 tenet.

255 2230 368 2264 neque
393 2219 483 2253 enim
505 2219 654 2252 inanima
677 2221 904 2266 praeferenda
927 2224 1006 2255 suut
1025 2220 1204 2262 animatis,
1228 2231 1339 2265 neque
1363 2232 1404 2254 ea
1428 2232 1517 2266 quae
1538 2226 1652 2256 mente
1678 2227 1718 2256 et

256 2265 483 2308 intelligentia
505 2265 667 2309 praedita
691 2271 772 2300 sunt
795 2271 830 2299 et
852 2277 1007 2299 sermone
1022 2270 1141 2299 ornata
1152 2266 1277 2310 brutis,
1300 2266 1445 2300 rationis
1457 2271 1494 2300 et
1507 2267 1718 2311 prudentiae

254 2311 470 2356 expertibus,
493 2311 743 2356 postponenda.
777 2323 854 2346 nam
871 2312 954 2356 quid
965 2311 1092 2345 homini
1105 2311 1331 2355 anteponatis,
1356 2323 1424 2356 quo
1439 2312 1568 2346 iniecto
1583 2311 1716 2348 hiatum

254 2357 348 2391 illum
359 2357 625 2391 contrahamus?
644 2368 712 2390 non
729 2361 782 2391 est
796 2358 899 2391 ullum
913 2357 1055 2391 mortale
1067 2357 1247 2390 animantis
1258 2368 1366 2401 genus
1381 2357 1516 2391 homine
1531 2363 1715 2404 praestan-

255 2403 327 2437 tius
350 2407 412 2436 aut
435 2402 570 2437 fortius.
616 2403 707 2447 quod
730 2403 761 2436 si
785 2403 946 2437 audacius
967 2403 1170 2447 loquendum
1186 2402 1244 2446 sit,
1260 2403 1342 2448 quid
1360 2409 1414 2437 est
1428 2404 1526 2438 homo
1543 2404 1609 2438 nisi
1625 2404 1711 2438 deus

253 2459 402 2494 corpore
413 2447 550 2482 mortali
562 2447 808 2493 circumseptus
819 2449 838 2482 2
863 2453 924 2482 aut
939 2449 1021 2493 quid
1032 2449 1116 2483 deus
1131 2452 1185 2482 est
1197 2447 1264 2482 nisi
1273 2449 1371 2482 homo
1383 2449 1491 2483 omnis
1508 2461 1551 2484 ex
1565 2449 1712 2484 materia

254 2494 485 2528 concretionis
509 2505 632 2539 expers
656 2498 760 2539 atque
782 2494 982 2528 immortalis
994 2495 1013 2528 ‘3
1051 2505 1161 2538 neque
1175 2504 1239 2527 nos
1255 2494 1358 2538 longe
1383 2507 1404 2528 a
1419 2494 1542 2529 divina
1553 2494 1710 2540 potentia

253 2542 426 2574 absumus.
473 2540 560 2573 haec
583 2539 663 2573 mihi
684 2551 850 2584 persuasa
864 2545 961 2575 sunt:
981 2551 1070 2585 quae
1080 2540 1180 2574 vobis
1198 2539 1300 2573 etiam
1317 2551 1484 2584 persuasa
1499 2551 1575 2574 esse
1590 2540 1709 2575 velim.

253 2597 366 2630 neque
378 2597 462 2620 vero
480 2586 658 2631 quisquam
675 2586 847 2620 existimet
861 2598 913 2620 me
926 2591 1052 2620 sortem
1068 2585 1250 2619 ductu-rum
1265 2590 1327 2619 aut
1337 2585 1504 2630 virginem
1519 2596 1709 2631 puerumve

253 2632 422 2666 immolari
451 2632 639 2666 iussurum:
674 2642 750 2665 nam
780 2643 845 2676 ego
868 2633 944 2677 ipse
966 2643 1019 2665 me
1040 2642 1104 2676 pro
1127 2631 1230 2665 vobis
1258 2630 1439 2675 devoveo,
1468 2636 1509 2665 ut
1531 2642 1584 2665 me
1604 2631 1709 2664 hodie

254 2677 371 2711 statim
401 2678 664 2712 caduceatorem
699 2680 736 2710 et
764 2681 935 2712 oratorem
958 2677 1000 2711 ad
1024 2677 1104 2711 deos
1127 2687 1242 2711 manes
1268 2677 1456 2721 ablegetis,
1488 2687 1622 2722 semper
1645 2687 1709 2721 pa-

253 2727 390 2757 tronum
413 2729 569 2759 vestrum
592 2727 630 2757 et
651 2723 840 2757 adiutorem
861 2718 1047 2758 futurum?
1091 2722 1146 2756 his
1166 2722 1270 2756 dictis
1293 2733 1387 2756 arma
1415 2721 1550 2765 induit,
1582 2732 1706 2766 equum

253 2769 467 2805 conscendit.
525 2768 658 2804 caeteri
693 2769 789 2803 inter
819 2769 991 2805 laetitiam
1029 2772 1068 2803 et
1105 2779 1293 2803 maerorem
1326 2767 1478 2813 ambigui
1506 2772 1706 2802 ornamenta
