1786 3120
1128 903 1177 936 'fis'

214 913 362 988 Usus
384 960 470 987 sum
495 947 548 1000 [in
575 946 626 986 Τ.
651 947 690 999 2]
711 948 834 987 tribus
844 948 1055 986 codicibus:
1085 948 1236 987 duobus
1256 946 1307 986 D.
1328 946 1484 986 Antonii
1502 948 1607 998 Fug-
1633 952 1714 987 1³15

113 1007 196 1059 geri
206 1004 542 1058 Constantinopoli
566 1005 720 1057 emptis,
750 1009 790 1045 et
811 1019 886 1043 uno
906 1005 1115 1043 Viennensi
1143 1019 1166 1044 a
1186 1005 1236 1044 D.
1257 1005 1434 1057 Gaspare
1459 1005 1611 1056 aNyd-

114 1077 214 1118 prug
239 1068 315 1104 etc.
348 1063 448 1101 ultro
473 1061 761 1115 perhumaniter
789 1065 905 1113 atque
935 1062 1077 1101 utiliter
1109 1063 1367 1115 suppeditato.
1406 1074 1494 1100 nam
1532 1062 1609 1099 duo

114 1121 253 1172 reliqui
272 1124 422 1160 tantum
448 1133 471 1159 a
500 1119 758 1159 Constantino
784 1119 930 1169 Magno
960 1121 1174 1159 ordiuntur.
1237 1119 1448 1162 Womrms.
1490 1118 1611 1157 Vien-

89 1172 245 1218 *nensis
275 1181 337 1214 est
356 1177 405 1226 B,
432 1176 688 1227 Fuggeranus
717 1176 814 1214 alter
844 1178 897 1215 C:
931 1178 980 1215 de
1009 1177 1130 1215 altero
1161 1178 1210 1215 cf.
1241 1177 1291 1216 T.
1323 1178 1346 1218 1
1376 1191 1415 1229 p.
1436 1175 1610 1215 XXXIX.

227 1231 390 1273 Duobus
417 1231 593 1270 Zonarae
624 1232 817 1270 codicibus
846 1233 934 1270 Nic.
965 1232 1182 1271 Carminius
1205 1233 1409 1272 Falconius
1428 1246 1520 1272 usus
1551 1237 1613 1272 est

112 1293 155 1332 in
184 1288 456 1330 concinnandis
483 1287 591 1327 libris
617 1301 716 1340 quos
741 1287 912 1327 Dioneos
948 1290 1040 1328 dixit
1068 1289 1116 1328 ab
1154 1303 1196 1328 se
1225 1291 1390 1341 primum
1420 1292 1612 1340 detectos,

116 1349 240 1388 altero
267 1345 581 1387 “membranaceo
590 1345 778 1384 Vaticano
801 1345 896 1393 136,
927 1347 1167 1399 autographo
1197 1359 1321 1397 paene
1343 1352 1382 1386 et
1408 1349 1613 1386 correctis-

118 1400 253 1456 simo”,
281 1403 404 1443 altero
430 1400 834 1443 “Palatino-Vaticano
875 1402 1075 1443 chartaceo
1118 1404 1217 1453 275,
1246 1405 1474 1456 posterioris
1497 1400 1615 1444 aevi”.

118 1466 316 1515 excerptas
356 1461 447 1500 inde
484 1459 670 1500 lectiones
712 1463 756 1499 ut
795 1461 919 1500 minus
970 1466 1096 1500 certas
1141 1473 1165 1499 a
1205 1462 1320 1500 certis
1358 1463 1615 1513 seiungendas

118 1533 205 1561 esse
233 1519 421 1558 duximus.

233 1589 275 1630 Ρ.
305 1576 330 1617 5
359 1588 399 1614 v.
422 1576 463 1616 9.
520 1571 666 1622 πᾶστις
694 1574 810 1614 etiam
836 1574 960 1614 Palat.
990 1579 1029 1614 et
1058 1575 1180 1617 Vatic

232 1647 273 1686 Ρ.
306 1633 362 1674 10
387 1646 423 1671 v.
456 1634 524 1675 16.
581 1632 838 1685 ποπουλαρία
861 1631 1050 1684 κέκληται
1072 1631 1101 1681 ἦ
1122 1629 1319 1684 δημοτικη
1340 1630 1495 1686 ἀγωγή]
1513 1635 1618 1672 aetio

114 1689 343 1744 popularis,
370 1702 444 1729 vox
470 1688 837 1728 iurisconsultorum.
883 1689 1046 1728 Glossae
1073 1689 1227 1728 Basilic-
1252 1692 1521 1743 ποπουλαρία,
1546 1692 1620 1743 δη-

121 1745 288 1803 μοτική·
317 1742 542 1797 πόπουλος,
567 1761 588 1787 o
608 1746 752 1798 δῆμος.
787 1750 879 1785 sunt
902 1751 1027 1786 autem
1054 1748 1231 1784 actiones
1244 1747 1485 1797 populares,
1515 1762 1620 1801 quae

121 1819 242 1845 suum
277 1806 342 1843 ius
371 1803 527 1856 populo
567 1809 756 1850 tuentur,
792 1808 835 1842 ut
867 1803 921 1841 ait
942 1802 1116 1842 Paulus
1106 1818 1145 1843 m
1173 1803 1199 1842 l.
1231 1805 1254 1845 1
1283 1803 1332 1847 D.
1364 1805 1412 1844 de
1442 1806 1620 1858 populari

122 1869 200 1903 act.
233 1861 336 1902 Duc.

236 1933 276 1972 p.
304 1919 360 1961 10
388 1931 424 1961 v.
451 1917 518 1960 18.
578 1912 812 1970 βουλευτάς,
828 1917 1065 1970 πατρικίους
1082 1913 1289 1970 ὄνομασας
1305 1915 1470 1971 αὐτούς]
1486 1918 1622 1959 Livius

121 1977 252 2017 aliter:
285 1983 425 2030 patres
461 1981 563 2013 certe
598 1973 652 2012 ab
678 1974 842 2022 honore,
863 1975 1112 2027 patriciique
1138 1977 1350 2029 progenies
1380 1990 1516 2015 eorum
1544 1991 1623 2029 ap-

116 2034 279 2087 pellati.
333 2033 397 2073 W.

269 2121 279 2130 .
311 2092 365 2133 11
395 2103 433 2128 v.
466 2091 534 2134 10.
593 2089 831 2141 νομίζοντας
857 2089 1025 2138 πολίτας
1053 2088 1204 2141 αύτούς
1231 2091 1356 2133 Vatic-

313 2150 364 2191 12
391 2161 428 2186 v.
461 2145 529 2189 14.
586 2150 673 2195 τοῖς
702 2145 746 2187 ἐν
770 2142 886 2216 αὐτῇ
911 2146 1037 2184 Vatic.

268 2233 280 2245 .
311 2207 364 2247 12
393 2206 531 2247 v.18.
589 2199 810 2257 στρατηγὸν
839 2200 908 2244 τὸν
937 2219 1076 2246 τατιον
1110 2206 1224 2245 etiam
1254 2206 1377 2245 vatic.

270 2289 280 2300 ·
312 2261 367 2304 14
398 2276 435 2302 v.
461 2263 503 2305 9.
560 2260 605 2303 ἐκ
632 2261 728 2312 των]
760 2258 829 2300 καὶ
858 2259 904 2302 ἐκ
930 2261 1051 2300 Vatic.

270 2348 281 2359 .
313 2317 367 2362 14
395 2334 433 2359 v.
466 2318 534 2362 15.
594 2315 621 2359 ἃ
658 2314 857 2372 ἐπήγοντο
899 2313 1083 2372 χρήματα
1130 2314 1401 2374 αφαιρεῖσθαι
1447 2319 1520 2376 βία
1561 2319 1629 2361 ἒπ-

128 2375 307 2432 εχείρουν
332 2378 455 2417 vatic.

240 2448 281 2488 Ρ.
314 2433 369 2477 14
397 2448 434 2474 v.
468 2435 536 2476 17.
596 2427 841 2480 κολαζεσθαι
870 2432 985 2471 etiam
997 2432 1156 2487 ‘Vatic.‚
1195 2438 1235 2471 et
1263 2447 1352 2472 mox
1381 2432 1629 2485 ἐψηφίσατο.

241 2506 281 2544 Ρ.
314 2491 367 2534 15
394 2505 432 2531 v.
466 2493 506 2533 1.
563 2506 659 2540 τους
680 2488 724 2531 δὲ
753 2490 949 2544 σαβίνους
973 2480 1004 2530 ὅ
1026 2489 1159 2541 φόνος
1183 2493 1257 2531 τοῦ
1283 2493 1403 2543 σφῶν
1433 2488 1630 2544 ἄρχοντος

131 2564 208 2591 ουκ
241 2545 408 2601 ἐτάραξε
434 2549 556 2589 Vatic.

246 2621 286 2659 Ρ.
318 2605 372 2648 15
401 2619 438 2647 v,
467 2608 508 2648 2.
567 2602 670 2657 πρός
699 2619 771 2644 τον
801 2598 992 2654 ῤ’ωμυλον
1019 2602 1144 2642 Vatic.

246 2678 285 2716 Ρ.
319 2663 372 2705 15
402 2676 440 2703 v·
468 2664 535 2706 13.
595 2658 744 2714 ουῆροι
772 2662 886 2699 etiam
914 2659 1036 2698 Vatic.

248 2736 288 2774 Ρ.
321 2719 372 2762 15
400 2720 537 2763 v-15.
600 2720 657 2767 εἰς
685 2717 892 2770 ὁμηρείαν]
929 2713 1111 2770 ὁμήρους
1138 2717 1256 2759 Vatic.

249 2793 287 2830 Ρ.
325 2778 376 2820 15
407 2792 441 2817 v·
474 2779 542 2822 21.
601 2774 834 2830 ἠμπίσχετο]
866 2772 1008 2828 ἐφόρει
1042 2774 1161 2814 vatic.

238 2062 279 2373 τττῳτ
