1786 3120
768 94 980 162 NOTAE.
1301 97 1303 101 ’
1522 113 1526 117 -
1541 100 1642 148 647

141 206 420 254 Constantinus
465 212 796 252 Christianismum
834 213 1031 265 amplexus
1072 214 1198 253 fixerat
1240 217 1331 252 ante
1372 213 1505 252 initum
1545 213 1644 252 inter

0 287 5 325 f
30 319 32 321 ,
139 269 332 312 Licinium
376 274 416 309 et
455 269 723 308 Constantiam
761 271 1040 310 matrimonium
1074 283 1175 309 anno
1202 270 1301 312 313.
1350 281 1482 308 verum
1511 269 1645 309 scribit

0 330 19 371 ἰ,
139 326 368 369 Lactantius
406 327 447 365 in
483 326 582 364 libro
621 327 670 365 de
699 327 886 366 mortibus
919 330 1208 378 persecutorum
1239 340 1279 367 n.
1318 324 1374 368 46
1410 321 1468 367 47
1505 330 1546 365 et
1571 324 1644 378 48,

0 400 2 421 ι
25 386 27 389 ’
141 383 338 436 aliquanto
366 385 464 436 post
483 383 596 422 initas
627 396 713 423 cum
742 397 878 422 sorore
907 384 1152 423 Constantini
1180 383 1349 435 nuptias,
1378 395 1426 421 ac
1453 395 1538 433 cum
1559 382 1645 423 Ma-

141 441 285 480 ximino
300 452 611 491 congressurum,
642 452 776 478 somno
810 441 994 479 monitum
1009 441 1204 480 Christum
1226 441 1444 490 invocasse,
1465 439 1644 479 dedisse-

142 509 218 550 que
243 495 392 536 litteras
420 498 473 536 ad
509 497 788 549 provinciarum
823 498 1024 548 praesides
1054 499 1103 536 de
1131 496 1382 538 restituendis
1412 496 1642 537 Christianis

142 553 330 604 ecclesiis,
359 552 617 592 Constantino
648 559 687 594 et
714 553 801 605 ipso
829 553 885 593 111
913 567 1017 592 coss.
1077 554 1180 595 Duc.

0 659 2 662 y
255 623 296 662 p.
331 611 417 652 628
447 622 485 649 v.
516 612 584 653 12.
655 610 915 664 Καλανδίων]
951 610 1114 650 Wolfius
1154 610 1399 653 Καλαυδίων
1437 622 1639 663 perperam

0 690 1 697 κ
68 686 74 690 ·
145 666 336 706 ediderat:
370 666 426 706 ita
450 667 548 706 enim
575 679 600 706 a
626 667 878 720 scriptoribus
897 668 1042 720 passim
1070 667 1298 723 appellatur.
1356 667 1464 708 Duc.

607 1341 1179 1390 CORRIGENDA.

70 1499 73 1501 -
146 1487 183 1521 p.
208 1475 254 1510 29
278 1485 313 1511 v,
339 1474 362 1510 4
386 1476 465 1520 lege
488 1470 821 1520 συμμαχουμένοις.
940 1488 975 1522 p.
1005 1476 1051 1512 65
1076 1486 1113 1512 v.
1138 1474 1160 1509 5
1185 1469 1418 1518 αὐθημερὸν.
1530 1486 1564 1519 p.
1595 1475 1641 1516 79

148 1532 184 1555 v.
209 1522 254 1557 27
276 1521 470 1558 Plutarchi.
575 1533 613 1566 p.
639 1522 707 1556 123
732 1533 766 1556 v.
796 1522 838 1556 18
862 1517 1071 1566 οἷπαίρεινῖ
1183 1532 1222 1566 p.
1248 1521 1316 1557 123
1341 1532 1381 1558 v.
1405 1520 1451 1558 24
1473 1520 1641 1566 ’ψευδαυ-

145 1563 340 1613 τομόλους.
455 1579 493 1614 p.
519 1567 587 1604 183
610 1579 646 1602 v.
670 1568 693 1603 4
717 1564 852 1606 οἰκεία.
968 1581 1006 1615 p.
1031 1567 1102 1603 203
1125 1577 1161 1603 v.
1186 1566 1209 1602 8
1233 1564 1538 1613 προθυμότερον.
