1820 3120
272 88 370 134 392
398 92 413 106 ⁸
747 81 977 131 IOANNIS
1006 86 1268 131 ZONARAE

268 217 350 256 μου
375 200 464 242 αι’ὃε
487 198 626 256 σφίσιν
649 197 907 255 ἐσκήπτοντο.
951 198 1162 251 Ἀντώνιος
1183 200 1258 255 μὲν
1282 200 1463 259 Καίσαρι
1485 198 1704 246 ἓνεκάλει“
1676 219 1744 246 -οτι

269 269 343 322 τὴν
374 271 448 310 τοῦ
478 269 668 310 Λεπίδου
697 267 840 326 χώραν
874 270 943 312 καὶ
976 268 1050 324 τὴν
1085 267 1257 322 δύναμιν
1291 270 1358 311 καὶ
1384 270 1458 324 τὴν
1487 275 1562 314 τοῦ
1591 272 1742 322 Σέξτου

215 343 248 378 D
272 337 554 393 ἐσφετερίσατο
562 367 576 388 ,
611 338 678 378 καὶ
709 336 862 380 τούτων
893 335 1036 394 ἀπῄτει
1065 337 1117 379 τὰ
1145 335 1272 392 ἡμίση
1296 339 1362 379 καὶ
1385 335 1466 380 τῶν
1487 344 1744 395 στρατιωτῶν

270 405 342 454 οὓς
378 405 420 446 ἐκ
454 409 527 459 τῆς
557 403 783 460 ἀνηκούσης
816 405 926 462 αὐτῷ
951 406 1126 455 Ἰταλίας
1150 405 1431 461 ἐστράτευσεν·
1467 404 1555 449 δ’δὲ
1577 409 1742 463 Καῖσαρ

269 474 403 529 ἐκείνῳ
435 470 497 514 ὅτι
527 473 600 527 τὴν
623 474 834 529 Αἴγυπτον
866 475 933 515 καὶ
966 473 1071 516 ἄλλα
1101 473 1160 528 μὴ
1194 474 1329 528 λαχὼν
1361 472 1461 528 εἶχε,
1495 475 1563 517 καὶ
1589 470 1652 518 ὅτι
1672 475 1776 518 τόνό

269 542 417 601 Σέξτον
441 540 663 584 ἀπέκτεινεν
687 542 828 595 (αὐτὸς
849 541 928 597 γὰρ
953 540 1054 584 ἑκὼν
1079 543 1227 585 ἐκείνου
1255 544 1479 599 φείσασθαι
1503 541 1641 598 ἔλεγε),
1665 546 1744 588 4καὶ

269 607 330 651 ὅτι
354 609 424 652 τὸν
449 610 654 666 Ἀρμένιον
687 609 822 666 ἀπάτῃ
856 611 1107 667 συνειληφὼς
1129 610 1246 666 ἔδησε
1270 612 1347 653 κάκ
1369 609 1516 654 τούτου
1531 609 1746 667 Ῥωμαίοις

268 679 510 728 κακοδοξίαν
534 678 780 733 προσέτριψε
794 710 807 729 ,
843 680 910 720 καὶ
942 678 995 721 τὰ
1024 677 1151 733 ἡμίση
1184 683 1265 722 τῶν
1296 677 1492 736 λαφύρων
1522 681 1590 722 καὶ
1610 680 1746 731 ἀὐτὸς

267 745 433 802 ἀπῄτει,
474 748 541 788 καὶ
575 746 647 801 τὴν
671 744 940 804 Κλεοπάτραν
975 748 1086 805 αὐτῷ
1109 749 1176 789 καὶ
1198 749 1294 798 τοὺς
1315 749 1464 798 παῖδας
1484 747 1580 799 τοὺς
1603 750 1646 800 ἐξ
1667 749 1746 792 αὗ-

266 819 344 868 τῆς,
364 815 431 857 καὶ
453 814 505 856 τὰ
530 815 768 870 δωρηθέντα
792 817 908 871 σφίσι
931 815 1032 871 πρὸς
1054 814 1208 866 πάντας
1240 816 1442 872 ἐπέφερεν,
1477 817 1519 859 ἐν
1547 822 1632 867 τοῖς
1660 815 1742 872 μά·
1755 825 1801 860 10

267 887 386 925 λιστα
424 883 466 924 δ’
503 883 645 939 ᾐτιᾶτο
681 882 743 926 ὅτι
779 883 850 926 τὸν
887 885 1155 942 Καισαρίωνα
1190 885 1230 934 εἷς
1265 885 1312 927 τὸ
1348 886 1462 941 γένος
1501 886 1632 941 εἰσῆγε
1671 890 1746 929 τοῦ

266 952 492 1008 Καίσαρος.

81 1029 110 1063 Ρ
133 1029 151 1064 1
175 1030 246 1066 523
405 1020 475 1062 28.
548 1020 681 1064 Ταῦτ’
709 1015 780 1064 οὗν
803 1018 1062 1065 ἔπενεκάλουν
1084 1019 1287 1076 ἀλλήλοις.
1333 1022 1401 1064 καὶ
1423 1021 1524 1072 τέως
1545 1021 1618 1065 οὒκ
1642 1021 1740 1065 ἀνα-

267 1088 422 1145 φανδὸν
446 1089 539 1131 κατ’
568 1089 754 1144 ἀλλήλων
779 1088 1019 1143 ὡπλίζοντο,
1060 1092 1134 1141 ἕως
1155 1092 1352 1144 Δομίτιος
1374 1091 1416 1131 Γ
1411 1097 1524 1140 ναῖος
1544 1093 1611 1134 καὶ
1636 1090 1744 1135 Σόσ-

266 1174 353 1207 σιος
375 1156 524 1209 Γάϊος,
559 1163 631 1212 τῆς
653 1163 725 1202 τοῦ
756 1159 965 1202 Ἀντωνίου
987 1159 1151 1216 μερίδος
1173 1158 1306 1209 ὄντες,
1340 1156 1584 1204 ὑπάτευσαν.
1653 1158 1742 1203 τότε
1756 1167 1800 1202 1⁵

267 1227 312 1268 δὲ
335 1225 552 1282 προδήλως
577 1226 911 1281 ε’πολεμώθησαν.
980 1226 1001 1270 ὃ
1036 1227 1113 1284 γὰρ
1147 1226 1323 1277 Σόσσιος
1351 1226 1483 1270 πολλὰ
1515 1228 1590 1281 μὲν
1621 1228 1663 1270 ἓν
1694 1233 1747 1285 τῇ

265 1296 460 1353 νουμηνία
484 1293 647 1351 ἐπῄνεσε
670 1295 739 1338 τὸν
761 1294 987 1348 Ἀντώνιον,
1021 1296 1152 1338 πολλὰ
1177 1297 1220 1338 ὁὲ
1242 1302 1401 1338 κατεῖπε
1423 1299 1498 1339 τοῦ
1523 1297 1744 1353 Καίσαρος.

265 1366 332 1404 καὶ
369 1361 458 1405 τότε
493 1364 567 1417 μὲν
603 1362 624 1406 ὃ
661 1365 826 1420 Καῖσαρ
858 1369 931 1419 τῆς
963 1363 1117 1415 πόλεως
1150 1363 1407 1421 ἐξεχώρησεν,
1452 1366 1583 1406 αἰτίαν
1619 1364 1746 1420 ἄλλην

264 1429 543 1485 πλασάμενος·
593 1432 695 1486 μετὰ
731 1437 860 1475 ταῦτα
898 1432 941 1474 δ’
981 1432 1238 1484 ἐπανελθών,
1287 1435 1353 1474 καὶ
1391 1432 1578 1490 φρουρὰν
1613 1432 1746 1491 ἑαυτῷ

264 1498 511 1556 περιστήσας
534 1506 805 1556 στρατιωτῶν,
844 1500 989 1558 μέτρια
1011 1502 1085 1555 μὲν
1107 1499 1208 1558 ὓπερ
1233 1499 1380 1543 εαυτοῦ
1405 1501 1635 1556 διειλέχθη,
1669 1518 1741 1546 του
1753 1510 1801 1545 20

211 1573 242 1607 B
267 1569 311 1610 δὲ
336 1568 549 1610 Ἀντωνίου
585 1571 654 1610 καὶ
676 1585 748 1611 του
771 1570 948 1612 Σοσσίου
973 1568 1104 1611 πολλὰ
1125 1567 1397 1626 κατηγόρησε,
1432 1571 1501 1611 καὶ
1525 1570 1744 1613 ἀδικοῦντα

63 1639 109 1672 W
123 1640 157 1675 11
176 1641 245 1677 156
267 1636 337 1679 τὸν
355 1634 566 1679 Ἀντώνιον
590 1637 659 1680 διὰ
683 1635 934 1694 γραμμάτων
958 1639 1171 1693 ἐξελέγχειν
1192 1636 1402 1692 υπέσχετο.
1442 1638 1481 1680 οἱ
1503 1654 1575 1681 ουν
1595 1637 1744 1682 ὕπατοι

356 1753 402 1790 18
423 1748 643 1800 ἐξεχώρησεν
666 1766 719 1789 om
744 1754 787 1789 O.
879 1755 925 1791 19
947 1751 1039 1799 μετὰ
1063 1750 1106 1789 δὲ
1129 1753 1248 1790 ταῦτα
1269 1755 1314 1790 Α.
1407 1755 1454 1790 20
1474 1752 1542 1801 μὲν
1564 1768 1619 1799 om
1643 1757 1687 1792 C.

400 1823 572 1858 Fames.
740 1822 799 1859 28.
848 1822 977 1857 Dionis
1009 1823 1190 1858 Historiae
1221 1824 1407 1858 Romanae
1437 1824 1499 1859 lib.
1524 1825 1571 1860 50
1595 1837 1626 1863 e.
1651 1826 1674 1860 2
1697 1845 1743 1851 —

354 1881 387 1951 ¹0,-
413 1870 471 1952 fl.
520 1824 672 1905 αάάἰιαα
671 1874 759 1904 sunt
784 1865 912 1915 Τούτῳ
935 1865 1003 1914 μὲν
1023 1881 1062 1914 p.
1089 1869 1160 1904 394
1181 1881 1214 1904 v.
1245 1869 1266 1904 7
1299 1888 1346 1895 —-
1376 1865 1510 1915 ἐσθῆτι
1534 1870 1746 1918 βαρβαρικῇ

265 2027 470 2063 oppressus.
508 2018 594 2053 belli
616 2020 732 2052 autem
755 2029 882 2053 causae
905 2018 972 2052 hae
994 2018 1323 2064 praetendebantur.
1363 2018 1533 2054 Antonius
1557 2018 1744 2053 Caesarem

263 2066 455 2098 accusabat
485 2065 579 2109 quod
612 2064 739 2110 Lepidi
768 2069 805 2098 et
834 2065 936 2098 Sexti
968 2065 1167 2110 provincias
1199 2071 1235 2100 et
1265 2065 1385 2110 copias
1416 2065 1485 2099 sibi
1515 2064 1742 2106 vindicasset,

263 2120 450 2162 earumque
472 2110 648 2144 semissem
671 2111 883 2164 postulabat,
909 2122 973 2144 nec
995 2122 1065 2144 non
1090 2122 1206 2145 eorum
1230 2111 1373 2145 militum
1397 2122 1486 2156 quos
1508 2121 1552 2143 ex
1572 2111 1677 2144 Italia
1699 2111 1744 2145 ad

263 2154 356 2189 illum
381 2156 580 2200 pertinente
605 2156 640 2189 in
664 2157 819 2190 exercitu
844 2157 1013 2190 haberet.
1046 2157 1179 2191 Caesar
1208 2157 1299 2190 illum
1323 2157 1475 2190 vicissim
1505 2157 1598 2200 quod
1622 2157 1743 2201 Aegy-

263 2205 362 2246 ptum
385 2202 528 2246 privata
551 2203 764 2236 auctoritate
790 2202 859 2236 sibi
879 2203 1094 2237 vindicasset
1117 2208 1153 2237 et
1176 2202 1319 2237 Sextum
1344 2203 1550 2245 occidisset,
1585 2202 1639 2236 cui
1663 2202 1741 2256 ipse

264 2247 355 2280 ultro
379 2248 618 2293 pepercisset,
658 2254 694 2283 et
717 2248 809 2293 quod
832 2248 994 2283 Armenio
1017 2261 1083 2294 per
1105 2249 1260 2283 fraudem
1284 2253 1388 2293 capto
1414 2253 1450 2282 et
1472 2248 1592 2282 vincto
1616 2247 1742 2282 nomini

263 2291 419 2327 Romano
442 2294 652 2348 ignominiae
675 2294 840 2328 maculam
864 2295 1118 2339 adspersisset3
1153 2307 1194 2328 ac
1225 2295 1460 2329 manubiarum
1491 2294 1671 2328 semissem
1705 2299 1742 2328 et

262 2338 340 2384 ipse
364 2339 572 2393 postulavit.
617 2340 840 2393 Cleopatram
865 2352 949 2374 vero
973 2347 1010 2374 et
1031 2346 1211 2385 susceptos
1236 2351 1280 2374 ex
1304 2352 1345 2374 ea
1367 2341 1497 2374 liberos
1520 2344 1556 2374 et
1580 2339 1742 2374 donatio-

264 2395 327 2418 nes
351 2385 401 2418 eis
424 2386 538 2419 factas
564 2390 645 2420 ante
671 2385 783 2420 omnia
809 2386 839 2419 ei
866 2386 1066 2422 obiiciebat.
1111 2386 1193 2420 illud
1227 2390 1343 2419 tamen
1366 2387 1402 2420 in
1426 2385 1547 2431 primis
1570 2386 1741 2431 quereba-

265 2436 324 2464 tur
347 2431 438 2476 quod
462 2431 709 2465 Caesarionem
733 2432 768 2465 in
793 2432 960 2466 familiam
986 2432 1148 2466 Caesaris
1171 2431 1367 2466 induceret.

402 2476 461 2511 28.
510 2478 599 2511 Dum
625 2478 667 2511 ad
692 2478 781 2511 hunc
805 2478 938 2511 modum
961 2478 1106 2512 invicem
1131 2478 1372 2522 expostulant,
1403 2488 1497 2511 arma
1525 2477 1742 2511 dissimulan-

264 2526 320 2555 ter
343 2525 535 2567 parabant,
571 2523 681 2557 donec
707 2524 774 2557 Cn.
799 2524 972 2558 Domitius
1005 2530 1041 2558 et
1073 2523 1116 2558 C.
1153 2523 1296 2557 Sossius
1327 2523 1548 2557 Antonianae
1577 2523 1740 2557 factionis

265 2569 425 2603 consules
459 2575 540 2603 sunt
572 2569 758 2614 designati.
806 2573 878 2603 tum
902 2581 987 2603 vero
1012 2574 1133 2615 aperte
1154 2569 1274 2603 hostes
1297 2570 1382 2603 facti
1405 2574 1501 2603 sunt.
1549 2580 1625 2602 cum
1649 2569 1739 2602 enim

266 2614 409 2648 Sossius
440 2615 606 2650 Kalendis
639 2616 744 2649 multa
777 2615 814 2649 in
846 2615 990 2650 Antonii
1023 2616 1157 2650 laudem
1190 2627 1265 2649 cum
1302 2615 1467 2649 Caesaris
1502 2614 1740 2648 criminatione

265 2659 508 2704 disseruisset,
543 2662 676 2695 Caesar
709 2673 771 2705 per
806 2661 906 2696 aliam
932 2673 1070 2695 causam
1094 2662 1181 2695 urbe
1206 2661 1366 2695 excessit.
1414 2660 1540 2694 deinde
1563 2671 1740 2702 reversus,

265 2706 443 2749 praesidio
468 2708 609 2742 militum
633 2707 814 2752 adhibito,
850 2707 1005 2742 modeste
1037 2707 1081 2741 de
1106 2718 1144 2740 se
1168 2707 1246 2753 ipso
1270 2708 1408 2741 locutus
1431 2706 1587 2740 sossium
1611 2710 1646 2740 et
1668 2705 1740 2739 An-

262 2752 398 2788 ‘conium
434 2754 567 2789 acriter
599 2754 803 2798 accusavit,
838 2764 945 2799 seque
978 2752 1163 2788 Antonium
1195 2753 1322 2788 litteris
1359 2751 1504 2799 prolatis
1535 2750 1739 2786 iniuriarum
