1820 3120
270 91 368 137 184
740 91 966 136 IOANNIS
1000 92 1260 136 ZONARAE

265 200 535 255 ἐπανάξοντα,
571 203 693 255 αὐτὸς
717 205 758 247 δ’
785 205 847 247 ἐπὶ
873 205 942 249 τὸν
959 205 1143 259 Ἀννίβαν
1163 204 1301 260 ἤλασε.
1371 209 1436 251 καὶ
1466 207 1621 267 ημέρας
1650 209 1726 265 μέν

263 289 375 321 τινας
398 272 578 326 ἔπε’σχον,
607 273 740 316 ἔπειτα
763 273 890 331 ἄμφω
912 275 1015 331 πρὸς
1035 274 1108 328 τὴν
1129 273 1265 329 μάχην
1287 272 1496 330 ὥρμησαν.
1562 279 1656 335 πρὶν
1680 279 1727 322 δὲ

263 339 313 393 δὴ
354 339 471 395 ἔργου
513 340 678 395 ἔχεσθαι
689 373 702 393 ,
764 342 1012 398 συγκαλέσας
1052 341 1073 384 ὁ
1109 341 1292 395 Ἀννίβας
1331 343 1424 393 τοὺς
1462 345 1725 401 στρατιώτας,

263 406 467 463 παρήγαγε
510 409 605 460 τοὺς
644 409 926 470 αἰχμαλώτους
959 409 1030 460 οὓς
1064 410 1168 453 κατὰ
1200 410 1274 465 τὴν
1306 407 1403 453 ὅδὸν
1437 411 1611 470 εἰλήφει,
1656 416 1726 458 καὶ

260 473 379 531 ἤρετο
411 476 559 528 αὐτοὺς
583 476 752 534 πότερον
777 478 971 520 δεδέσθαι
994 482 1060 521 καὶ
1085 477 1286 521 δουλεύειν
1309 484 1441 530 κακῶς
1464 479 1673 534 βούλοιντο
1696 481 1758 537 ἢὸ

260 549 545 598 μονομαχῆσαι
569 543 782 600 ἀλλήλοις,
829 544 926 589 ὥστ’
953 546 1161 602 ἀφεθῆναι
1184 553 1332 600 προῖκα
1356 546 1452 598 τοὺς
1473 547 1727 603 νικήσαντας.

261 612 329 653 καὶ
359 610 414 662 ὥς
446 613 492 655 τὸ
529 612 712 667 δεύτερον
735 615 900 664 εἵλοντο,
935 613 1153 666 συνέβαλεν
1177 612 1339 665 αὐτούς.
1405 617 1472 658 καὶ
1495 618 1729 671 μαχεσαμέ-

260 696 339 721 νων
357 680 633 738 ἔδημηγόρησε
645 713 656 732 ,
686 681 780 731 τοὺς
797 682 967 731 οἰκείους
984 680 1233 738 στρατιώτας
1251 683 1492 739 ἐπιρρωννῢς
1510 686 1575 727 καὶ
1593 703 1728 742 παρα-

205 750 235 785 C
260 745 401 802 θήγων
425 750 480 799 εἷς
503 748 696 804 πόλεμον·
731 754 850 792 τοῦτο
885 750 926 791 δ’
963 748 1161 805 ἑτέρωθεν
1191 752 1257 792 καὶ
1288 749 1309 793 ὅ
1334 751 1729 808 Σκιπίωνὲποίησεν.

260 814 344 858 εἶτα
377 821 584 871 συνῆλθον
617 818 690 872 μὲν
726 815 781 868 ὥς
813 816 922 867 ὅλοις
955 824 1040 869 τοῖς
1070 819 1358 875 στρατοπέδοις
1387 819 1656 876 μαχούμενοι,
1702 820 1783 865 ὃ10

259 885 436 925 Σκιπίων
468 885 534 936 δέ,
577 886 861 942 προσυμμῖξας
890 889 950 942 τῷ
981 886 1128 944 ἱππικῷ
1161 888 1228 929 καὶ
1261 885 1452 942 ἡττηθεὶς
1484 887 1655 944 συχνούς
1684 907 1727 933 τε

261 952 479 1004 ἀποβαλών
503 954 569 994 καὶ
593 952 715 1003 αὐτὸς
737 954 910 1009 τρωθείς
925 985 934 1002 ,
970 952 1192 996 ἀποθανών
1221 954 1262 996 τ’
1297 954 1347 998 ἂν
1382 959 1416 998 εἲ
1436 955 1494 1012 μή
1518 974 1592 1013 περ
1615 958 1729 1016 αὐτῷ

259 1021 435 1061 Σκιπίων
467 1019 487 1062 ὅ
521 1020 609 1071 υἱὸς
639 1023 780 1075 καίπερ
815 1020 871 1064 ὢν
904 1020 1263 1077 ἑπτακαιδεκαετὴς
1295 1020 1492 1078 ἐπήμυνε,
1526 1026 1728 1069 κατέδεισε

257 1086 315 1141 μὴ
340 1090 404 1129 καὶ
429 1093 486 1145 τῷ
508 1091 613 1147 πεζῷ
636 1094 799 1146 σφαλῇ,
839 1091 904 1132 καὶ
931 1090 1073 1132 αὐτίκα
1097 1108 1137 1133 τε
1162 1089 1383 1148 ἐπανήγαγε
1404 1094 1469 1134 καὶ
1493 1097 1566 1148 τῆς
1588 1093 1728 1153 νυκτὸς

256 1153 525 1211 ὑπεχώρησεν.
1740 1162 1784 1198 15

394 1225 462 1266 24.
526 1225 708 1280 Ἀννίβας
740 1227 785 1268 δὲ
806 1227 910 1280 μεθ’
937 1225 1092 1284 ἡμέραν
1114 1227 1188 1282 τὴν
1210 1227 1471 1286 ἀποχώρησιν
1493 1227 1622 1272 αὐτοῦ
1643 1246 1728 1283 μα-

256 1291 348 1332 θὼν
371 1292 472 1347 πρὸς
494 1293 564 1335 τὸν
584 1294 808 1350 Ἠριδανὸν
830 1289 959 1348 ἦλθε,
1008 1297 1074 1337 καὶ
1097 1294 1198 1349 μήτε
1221 1298 1383 1351 σχεδίας
1404 1296 1431 1350 ἢ
1453 1301 1575 1340 πλοῒα
1600 1295 1729 1353 εὗρῶν

258 1359 541 1416 (ἕνεπέπρηστο
561 1361 638 1418 γὰρ
657 1362 769 1418 παρὰ
787 1366 860 1404 τοῦ
877 1364 1134 1418 Σκιπίωνος),
1160 1364 1230 1405 τὸν
1251 1364 1323 1418 μὲν
1341 1364 1520 1422 ἀδελφὸν
1536 1367 1729 1420 Μαγῶνα

205 1437 237 1469 D
263 1427 337 1468 οὖν
360 1435 442 1478 τοῖς
465 1429 625 1473 ἱππεῦσι
650 1429 922 1484 διανήξασθαι
945 1433 1011 1472 καὶ
1035 1431 1240 1483 ἐπιδιῶξαι
1264 1432 1360 1482 τοὺς
1383 1431 1608 1485 Ῥωμαίους
1642 1433 1730 1475 ἐκέ-

259 1498 421 1547 λευσεν,
458 1497 579 1547 αὐτὸς
613 1498 657 1539 δὲ
689 1497 771 1541 ἄνω
803 1498 905 1555 πρὸς
934 1499 1009 1549 τὰς
1038 1499 1168 1554 πηγὰς
1196 1499 1390 1557 χωρήσας
1423 1505 1496 1543 τοῦ
1525 1506 1784 1556 normaniam

352 1628 371 1661 1
403 1623 515 1668 αὐτὸς
536 1647 582 1652 -
604 1623 718 1672 ἤλασε
742 1639 795 1662 om
820 1629 863 1667 C.
978 1628 1001 1662 2
1022 1625 1111 1672 πρὶν
1133 1625 1176 1662 δὲ
1199 1626 1248 1674 δὴ
1272 1649 1318 1656 -
1340 1629 1363 1666 9
1387 1627 1441 1670 εἰς
1461 1626 1622 1675 πόλεμον
1643 1629 1729 1664 Dio-

350 1672 404 1706 nis
428 1678 630 1732 excerptum
654 1673 857 1709 Vaticanum
881 1673 937 1710 72.
984 1716 994 1729 ι
1074 1674 1096 1709 3
1119 1673 1142 1708 ὃ
1191 1686 1246 1729 om
1270 1675 1311 1710 C.
1447 1671 1535 1732 tojsg
1554 1672 1730 1731 ctooev'wi-

350 1719 642 1808 ἒῗὲιῖιῖἷέιῖῗς
662 1719 1731 1810 mimam?giffig'sso‘iaffssf‘ffl‘&3223332‘13’53‘1

353 1810 397 1843 10
419 1810 620 1855 μαχόμενοι
643 1810 686 1845 Α.
779 1810 825 1844 14
847 1811 912 1854 τῆς
934 1822 988 1845 om
1012 1811 1054 1846 A.
1147 1812 1191 1845 15
1212 1805 1448 1857 ἀπεχώρησεν
1462 1812 1535 1848 ΑΒ.
1627 1811 1672 1847 16
1687 1808 1731 1845 δὲ

350 1865 404 1888 om
429 1855 470 1890 C.
568 1856 610 1892 17
633 1852 658 1899 ἢ
681 1857 795 1890 πλοῖα
819 1867 874 1890 om
899 1857 941 1892 0.
1034 1857 1168 1891 πλοῖον
1189 1858 1232 1891 Α.
1326 1857 1371 1892 18
1390 1853 1624 1903 ἐμπέπρηστο
1640 1858 1684 1892 A.

394 1946 565 1983 Fomsss.
617 1946 703 1991 Gap.
727 1947 787 1980 24.
844 1945 972 1980 Dionis
1004 1946 1186 1982 Historiae
1218 1948 1404 1983 Romanae
1433 1948 1515 1983 mm·
1542 1948 1727 1995 deperditi.

258 2062 345 2094 otus.
393 2069 435 2092 ac
467 2059 542 2094 dies
577 2061 713 2105 quidem
745 2061 880 2106 aliquot
910 2061 1137 2106 quieverunt,
1175 2061 1306 2096 deinde,
1334 2065 1447 2096 autem
1470 2062 1570 2096 ambo
1595 2074 1731 2108 pugnae

258 2117 296 2138 se
332 2110 511 2149 pararunt.
561 2107 622 2139 sed
656 2107 853 2152 priusquam
884 2107 929 2140 ad
960 2118 1080 2141 manus
1112 2108 1314 2151 veniretur,
1356 2107 1533 2142 Hannibal
1565 2108 1731 2143 militibus

258 2151 457 2183 convocatis
491 2152 525 2184 in
558 2152 681 2185 itinere
714 2157 836 2197 captos
867 2152 1032 2198 produxit
1061 2153 1296 2196 inmedinm,
1332 2164 1460 2198 rogans
1483 2157 1598 2187 utrum
1622 2153 1731 2189 vincti

257 2196 374 2229 duram
409 2197 547 2241 perpeti
570 2198 775 2232 servitutem
800 2199 940 2237 mallent
963 2210 1005 2232 an
1028 2198 1123 2232 inter
1145 2210 1223 2233 sese
1246 2199 1416 2243 singulari
1438 2198 1627 2233 certamine
1649 2210 1731 2234 con-

256 2242 376 2285 gredi,
417 2246 457 2275 ut
488 2242 640 2276 victores
674 2245 786 2288 gratis
818 2244 1149 2288 manumitterentur.
1197 2249 1238 2279 ut
1270 2244 1444 2290 posterius
1479 2244 1732 2290 praetulerunt,

258 2299 318 2320 eos
340 2288 434 2320 inter
457 2298 534 2322 sese
560 2290 741 2325 commisit.
786 2294 932 2336 peracto
967 2289 1154 2324 certamine
1184 2290 1327 2324 militum
1352 2300 1489 2324 suorum
1514 2289 1643 2324 animos
1666 2301 1731 2336 pro

257 2333 419 2366 contione
450 2334 667 2368 confirmavit
698 2340 805 2381 atque
837 2335 880 2370 ad
911 2335 1037 2370 bellum
1073 2335 1186 2370 acuit:
1218 2335 1308 2369 idem
1332 2339 1369 2368 et
1391 2335 1513 2380 Scipio
1546 2347 1590 2370 ex
1621 2337 1732 2370 altera

255 2383 356 2422 parte
387 2378 486 2413 fecit.
532 2380 656 2413 deinde
678 2381 730 2414 ita
753 2381 931 2426 congressi
954 2385 1054 2425 sunt,
1088 2381 1187 2426 quasi
1211 2392 1287 2415 cum
1309 2381 1394 2415 totis
1419 2381 1628 2416 exercitibus
1651 2392 1733 2415 con—

255 2424 389 2459 flicturi
420 2428 546 2461 essent.
594 2427 653 2459 sed
687 2427 807 2472 Scipio
843 2427 999 2471 equestri
1056 2426 1163 2461 raelio
1195 2426 1230 2460 in
1264 2426 1382 2472 primis
1414 2430 1551 2461 tentato
1567 2451 1578 2471 ‚
1617 2427 1732 2462 multis

258 2469 406 2512 amissis,
433 2471 542 2505 victus
568 2476 603 2504 et
627 2471 846 2514 vulneratus,
870 2477 976 2517 atque
1000 2483 1019 2506 a
1045 2484 1084 2506 eo
1107 2472 1325 2518 perimendus
1349 2472 1415 2506 nisi
1438 2484 1459 2507 a
1482 2472 1556 2507 filio
1579 2476 1730 2518 septem-

258 2516 366 2548 decim
392 2528 502 2550 annos
527 2521 609 2550 nato
636 2523 814 2561 protectus
836 2523 940 2562 esset,
964 2518 1088 2552 timens
1111 2530 1154 2552 ne
1179 2518 1314 2562 pedites
1331 2518 1434 2552 etiam
1451 2519 1731 2561 succumberent,

260 2561 374 2594 statim
402 2562 556 2606 receptui
579 2563 707 2597 cecinit
729 2576 769 2596 ac
794 2568 898 2597 noctu
918 2564 1075 2598 recessit.

395 2608 453 2642 24.
501 2608 672 2643 Hannibal
705 2610 780 2643 eius
813 2610 968 2644 discessu
999 2621 1097 2643 mane
1129 2609 1266 2654 cognito
1291 2609 1333 2643 ad
1357 2609 1488 2644 Padum
1513 2607 1622 2642 venit.
1671 2608 1731 2642 ubi

259 2663 334 2685 cnm
367 2664 410 2685 ne
444 2664 543 2687 unam
575 2654 711 2699 quidem
745 2660 855 2689 ratem
885 2656 1078 2689 invenisset
1107 2654 1297 2697 (cremarat
1328 2655 1418 2689 enim
1448 2653 1558 2688 omnia
1590 2654 1733 2698 navigia

259 2698 409 2741 Scipio),
435 2700 576 2733 fratrem
603 2700 783 2745 Magonem
807 2712 881 2735 cum
904 2701 1078 2745 equitibus
1101 2705 1244 2734 tranare
1267 2700 1371 2735 iussit
1389 2700 1629 2744 Romanosque
1651 2711 1731 2744 per-

260 2743 375 2788 sequi:
411 2744 485 2788 ipse
518 2756 650 2780 sursum
689 2747 730 2780 ad
762 2747 878 2780 fontes
913 2746 1021 2780 amnis
1060 2747 1235 2792 profectus
1272 2746 1474 2792 elephantes
1505 2756 1574 2790 qua
1605 2745 1731 2779 flumen
