1820 3120
307 143 406 187 246
776 141 1001 186 IOANNIS
1030 141 1287 184 ZONARAE

305 256 426 312 αὐτῷ.
493 255 677 312 πρέσβεις
709 249 779 297 οὖν
811 255 848 297 οἱ
878 254 1067 310 Ῥωμαῖοι
1098 254 1199 311 πρὸς
1229 253 1350 296 αὐτὸν
1385 256 1633 310 πέμψαντες,
1675 257 1759 299 ἐπεὶ

302 323 427 376 μηδὲν
459 316 514 365 ὧν
546 321 774 366 ἔπετάττετο
809 322 997 380 ἔπραττε,
1039 322 1109 365 τὸν
1132 321 1588 379 πόλεμονεψηφίσαντο
1601 355 1615 376 ,
1644 323 1758 380 χρώ-

301 407 412 443 μενοι
452 391 526 444 μὲν
569 396 619 448 τῇ
662 395 741 433 τῶν
779 389 982 446 Ἑλλήνων
1025 391 1215 450 ἓπιβασίᾳ
1255 394 1385 447 λαβῇ,
1440 390 1486 434 τὸ
1529 390 1575 434 δ’
1604 391 1758 447 ἀληθὲς

302 459 614 513 ἀγανακτοῦντες
636 460 704 516 ἐφ’
732 455 793 509 οἷς
815 457 1030 516 ἓδεδρᾶκει,
1054 460 1120 501 καὶ
1144 456 1601 516 προκαταλαμβάνοντες
1620 457 1758 511 αὐτόν,

117 532 144 563 Ρ
169 533 186 565 I
209 534 278 569 444
297 528 366 568 ‘lm
401 526 459 581 μὴ
496 525 906 582 καταδουλωσάμενος
941 529 1112 578 ἐκείνους
1142 527 1204 568 ἐπὶ
1236 527 1308 582 τὴν
1334 521 1506 570 Ἰταλίαν
1534 525 1790 584 στρατεύσῃὸ

302 595 405 637 κατὰ
441 595 510 637 τὸν
545 593 728 651 Πύρρον.
794 594 1072 652 ψηφισάμενοι
1104 595 1148 637 δὲ
1182 595 1251 637 τὸν
1281 592 1456 649 πόλεμον
1490 592 1542 637 τά
1574 611 1619 638 τε
1653 594 1759 638 ἅλλα

303 661 649 719 παρεσκευάσαντο
689 657 732 704 εὖ
742 695 755 714 ,
790 665 857 705 καὶ
893 663 1117 720 στρατηγὸν
1151 664 1214 706 ἐπὶ
1249 667 1322 706 τοῦ
1355 666 1544 706 ναυτικοῦ
1575 661 1759 706 Λούκιον

295 729 528 774 Ἀπούστιον
540 731 765 789 Σουλπικίῳ
779 732 818 771 Γ
816 730 923 791 άλβα
947 730 1158 774 δεδώκασι.
1199 733 1273 775 ’καὶ
1297 729 1318 774 ὃ
1348 730 1514 785 Γάλβας
1535 730 1605 776 τὸν
1620 729 1759 774 Ἰόνιον

300 797 448 841 κόλπον
472 798 677 852 διαλαβὼν
700 800 762 840 ἐπὶ
785 800 887 842 πολὺ
911 798 1086 855 ἔιόσησε.
1156 798 1458 856 παραλαβόντες
1488 792 1559 842 οὖν
1589 799 1662 854 τὴν
1685 798 1759 842 δύ-

302 885 419 920 ναμιν
442 873 574 910 πᾶσαν
597 866 619 910 ὅ
644 884 687 910 τε
710 867 851 925 ῥηθεὶς
873 868 1094 925 στρατηγὸς
1116 870 1181 910 καὶ
1207 867 1411 918 Κλαύδιος
1429 867 1591 922 Κέντων
1612 865 1634 909 ὃ
1655 865 1757 910 ὖπο-
1770 874 1814 908 10

302 934 546 990 στράτηγος,
583 935 704 985 αὐτὸς
737 936 810 990 μὲν
841 940 899 994 τῷ
921 941 1096 992 ναυτικῷ
1117 936 1190 984 τὰς
1205 932 1384 989 Ἀθήνας
1405 933 1484 977 ὕπὸ
1507 938 1588 977 τῶν
1609 938 1760 978 Μακε-

301 1001 424 1044 δόνων
461 1005 801 1060 πολιορκουμένας
835 1001 1032 1058 ἐρρύσατο
1066 1004 1131 1043 καὶ
1163 1004 1354 1044 Χαλκίδα
1381 1003 1647 1059 κατεχομένην
1679 1001 1756 1045 ὑπ’

298 1070 429 1112 αὐτῶν
453 1069 670 1127 ἐπόρθησε,
705 1069 779 1112 κᾶν
802 1069 930 1128 τούτῳ
957 1071 1160 1112 Φιλίππου
1184 1076 1272 1120 ταῖς
1286 1068 1482 1125 Ἀθήναις
1502 1069 1760 1128 ἔπιστρατεῦ-
1800 1119 1802 1121 ,

300 1155 444 1188 σαντος
477 1138 709 1181 ἐπανελθών
739 1137 826 1181 τότε
861 1138 982 1181 αὐτὸν
1014 1136 1223 1180 ἀπεώσατο
1258 1140 1325 1180 καὶ
1357 1138 1459 1193 μετὰ
1486 1143 1606 1182 τοῦτο
1637 1134 1759 1189 αὖθις

249 1218 277 1251 Β
303 1205 586 1263 προσβαλόντα
620 1205 920 1261 ἀπεκρούσατο,
962 1205 1197 1256 Ἀπούστιος
1227 1207 1272 1248 δ’
1311 1207 1353 1257 ἐς
1381 1205 1454 1261 τὴν
1483 1208 1756 1259 Μακεδονίαν,
1769 1216 1813 1249 15

299 1274 473 1328 ἀσχόλου
497 1278 585 1332 περὶ
617 1275 688 1329 τὴν
704 1273 882 1316 Ἑλλάδα
906 1279 977 1316 τοῦ
1005 1276 1206 1316 Φιλίππου
1231 1274 1366 1326 ὄντος,
1410 1274 1599 1329 ἐμβαλὼν
1619 1274 1692 1330 τήν
1715 1293 1758 1318 τε

297 1347 370 1397 γῆν
403 1344 575 1398 ἕληΐζετο
607 1346 674 1385 καὶ
713 1342 890 1399 φρούρια
914 1345 980 1384 καὶ
1004 1341 1137 1392 πόλεις
1161 1342 1413 1399 ἐχειρώσατο.
1485 1343 1686 1394 Φίλιππος
1715 1345 1759 1386 δὲ

299 1411 366 1452 διὰ
390 1416 518 1453 ταῦτα
543 1413 583 1452 ἐν
606 1412 808 1470 ἀμηχανία
832 1409 1038 1467 γενόμενος
1054 1411 1151 1461 τέως
1172 1411 1245 1464 μὲν
1269 1410 1351 1453 ἄνω
1371 1412 1438 1452 καὶ
1456 1409 1565 1463 κάτω
1581 1412 1759 1469 περιέθει

301 1478 441 1521 ἄλλοτε
466 1479 603 1529 ἄλλοις
627 1478 802 1534 ἀμύνων,
839 1477 894 1528 ὥς
917 1480 960 1521 δὲ
983 1477 1004 1521 ὁ
1024 1477 1258 1529 Ἀπούστιος
1284 1482 1334 1535 τῇ
1351 1473 1470 1539 χώρᾳ
1493 1479 1617 1522 αὐτοῦ
1642 1481 1758 1534 ἴσχυ-

302 1551 383 1603 ρῶς
418 1548 582 1590 ἐνέκειτο
615 1550 682 1589 καὶ
716 1547 753 1590 οἱ
785 1545 994 1603 Δάρδανοι
1028 1547 1100 1601 τὴν
1131 1545 1333 1604 πρόσορον
1355 1548 1471 1604 σφίσι
1494 1549 1812 1592 Μακεδονίαν20

300 1614 567 1672 ἐκακούργουν
592 1617 761 1670 (οἷκοῦσι
786 1616 831 1657 (5³
859 1609 969 1658 οὗτοι
992 1613 1090 1672 ὗπὲρ
1114 1633 1154 1658 τε
1173 1615 1375 1671 Ἰλλυριῶν
1397 1617 1464 1657 καὶ
1486 1613 1584 1672 ὑπὲρ
1609 1618 1758 1658 Μακε-

302 1682 459 1737 δόνων),
481 1684 672 1741 Ἰλλυριοί
690 1684 733 1727 τέ
749 1701 850 1734 τινες
866 1685 933 1725 καὶ
951 1683 1220 1739 Ἀμύνανδρος
1232 1683 1485 1737 Ἀθαμανίας
1507 1684 1759 1727 Θεσσαλικοῦ

390 1834 411 1869 7
434 1832 749 1877 παρεσκευάζοντο
771 1836 816 1868 Α.
954 1829 1015 1868 ἐπὶ
1038 1835 1083 1879 τῇ
1106 1834 1259 1879 ναυτικῇ
1282 1835 1324 1869 Α.
1453 1833 1476 1868 9
1498 1818 1686 1880 διαβαλῶν
1709 1834 1754 1871 F.

389 1880 552 1915 Haasius.
651 1880 695 1914 10
717 1877 782 1913 καὶ
804 1876 824 1913 ὃ
848 1879 1023 1919 κλαύδιος
1043 1881 1086 1914 Α.
1193 1880 1236 1916 16
1258 1878 1366 1923 περὶ]
1388 1875 1429 1913 τὲ
1451 1879 1495 1915 Α.
1600 1880 1647 1914 22
1667 1881 1756 1914 θεσ-

387 1927 537 1959 σαλικοῦ
558 1922 688 1968 γένους
709 1921 926 1975 ἅθαμανίας
949 1922 1116 1971 βασιλεὺς
1137 1926 1177 1960 C.
1314 1925 1580 1960 θεσσαλονικοῦ
1601 1925 1641 1962 Β.

298 2063 387 2103 tuta,
413 2059 496 2093 nihil
522 2060 677 2094 cunctati
699 2060 825 2095 bellum
848 2065 970 2106 aperte
996 2072 1070 2095 cum
1094 2073 1135 2095 eo
1158 2063 1354 2106 gesserunt.
1401 2071 1475 2094 cum
1509 2059 1597 2094 enim
1621 2071 1686 2106 per
1706 2061 1758 2094 le-

298 2110 397 2149 gatos
431 2105 536 2139 multa
568 2105 683 2151 questi
717 2105 801 2139 nihil
837 2117 954 2141 eorum
978 2118 1069 2151 quae
1093 2107 1311 2152 postularant
1332 2106 1598 2151 impetrassent,
1634 2105 1758 2140 bellum

296 2152 547 2193 decreverunt,
582 2163 656 2185 eam
689 2162 824 2186 causam
859 2157 1102 2196 praetexentes
1134 2152 1223 2197 quod
1247 2151 1429 2186 Graeciam
1451 2151 1659 2195 invasisset,
1694 2152 1759 2186 sed

298 2207 420 2230 revera
444 2198 487 2231 ob
513 2196 647 2241 priores
670 2197 812 2233 iniurias
835 2197 884 2231 illi
907 2197 1045 2241 infensi,
1067 2203 1102 2232 et
1127 2202 1345 2232 antevertere
1367 2197 1558 2242 cupientes,
1584 2208 1627 2231 ne
1645 2197 1758 2231 Grae-

296 2241 348 2275 cis
382 2243 560 2285 subactis,
594 2243 722 2287 Pyrrhi
755 2243 909 2288 exemplo
943 2243 1068 2278 bellum
1091 2243 1128 2277 in
1151 2242 1286 2278 Italiam
1310 2243 1533 2279 transferret.
1581 2241 1669 2277 bello
1692 2243 1756 2277 de·

297 2291 396 2321 creto
429 2300 503 2322 cum
538 2288 604 2321 alia
631 2288 700 2322 rite
728 2293 1000 2334 praepararunt,
1035 2293 1109 2323 tum
1131 2290 1173 2325 L.
1196 2288 1380 2333 Apustium
1411 2288 1510 2322 classi
1542 2289 1754 2342 praefectum

298 2332 454 2378 Sulpicio
479 2334 612 2368 Galbae
635 2334 877 2370 adiunxerunt.
923 2335 982 2380 qui
1007 2346 1082 2369 cum
1107 2335 1185 2368 sinu
1205 2333 1305 2368 Ionio
1328 2339 1497 2380 occupato
1521 2334 1581 2367 d1u
1595 2338 1756 2378 aegrota-

297 2383 372 2422 ret,
407 2380 604 2424 praefectus
627 2379 685 2413 ille
708 2385 745 2414 et
767 2379 932 2414 Claudius
956 2381 1069 2414 Cento
1092 2380 1244 2425 legatus,
1277 2379 1433 2414 omnibus
1456 2379 1563 2425 copiis
1585 2379 1753 2425 acceptis,

295 2424 352 2457 hic
375 2425 513 2470 quidem
540 2425 691 2459 Athenas
715 2438 735 2460 a
757 2426 1009 2460 Macedonibus
1035 2427 1192 2460 obsessas
1215 2425 1325 2459 classe
1347 2425 1530 2469 liberavit,
1554 2429 1590 2460 et
1613 2425 1753 2459 chalci-

296 2470 384 2514 dem,
409 2482 509 2516 quam
532 2471 636 2504 iidem
659 2472 846 2516 tenebant,
867 2471 1041 2516 vastavit,
1065 2476 1100 2505 et
1122 2470 1330 2550 Philippum,
1354 2470 1414 2516 qui
1437 2471 1591 2505 Athenas
1613 2470 1752 2504 interim

293 2516 491 2554 invaserat,
518 2527 699 2561 regressus
722 2517 847 2551 iterum
873 2522 978 2562 atque
999 2517 1125 2551 iterum
1149 2517 1238 2561 depu
1253 2516 1298 2550 it:
1325 2517 1491 2562 Apustius
1514 2520 1648 2560 autem,
1671 2516 1756 2550 Phi-

294 2562 387 2606 lippo
411 2562 447 2595 in
471 2562 625 2596 Graecia
650 2568 829 2608 occupato,
855 2562 1079 2608 impressione
1100 2562 1136 2596 in
1152 2562 1391 2596 Macedoniam
1406 2562 1500 2596 sacta
1515 2572 1618 2606 agros
1634 2568 1754 2596 vasta-

294 2607 346 2640 vit
376 2611 413 2641 et
444 2608 586 2642 castella
622 2613 730 2653 atque
760 2608 887 2654 oppida
914 2608 1064 2654 subegit.
1118 2619 1185 2653 qua
1219 2608 1263 2641 de
1295 2618 1401 2642 causa
1430 2607 1609 2653 Philippus
1641 2608 1755 2642 animo

292 2658 453 2687 aestuans
478 2665 613 2689 sursum
636 2654 795 2688 deorsum
819 2653 1028 2699 aliquamdiu
1054 2653 1258 2699 cursitavit,
1288 2654 1377 2688 alias
1400 2652 1478 2688 aliis
1498 2663 1597 2706 opem
1616 2654 1754 2688 ferens:

290 2697 439 2742 Apustio
473 2703 585 2733 autem
618 2699 793 2744 regionem
833 2701 989 2744 graviter
1022 2704 1168 2744 urgente
1202 2704 1238 2733 et
1271 2699 1457 2734 Dardanis
1474 2698 1652 2733 finitimam
1683 2699 1753 2733 sibi

291 2744 530 2779 Macedoniam
560 2746 769 2780 vexantibus
799 2745 978 2788 (habitant
1013 2751 1126 2779 autem
1158 2756 1265 2790 supra
1287 2744 1426 2789 Illyrios
1449 2749 1486 2779 et
1507 2743 1751 2787 Macedones),

291 2800 364 2823 cum
385 2789 497 2834 Illyrii
521 2802 658 2836 quoque
682 2796 788 2836 atque
812 2791 1031 2836 Amynander
1054 2791 1280 2826 Athamaniae
1303 2789 1529 2826 Thessalicae
1554 2790 1671 2835 gentis
1696 2801 1750 2824 re-
