1820 3120
236 109 336 157 278
709 110 939 155 IOANNIS
968 111 1232 156 ZONARAE

228 240 331 278 χουν
355 219 586 280 Ἀριαράθῃ
616 222 691 279 μὲν
713 223 899 279 Εὐμένης
908 256 921 276 ,
962 224 1188 282 Ὀροφέρνῃ
1223 226 1267 268 δὲ
1299 225 1537 286 Δημήτριος
1565 227 1588 272 ὃ
1622 233 1704 274 τῶν

233 289 376 347 Σύρων
396 290 602 344 βασιλεύς.
644 293 887 343 ἐλαττωθεὶς
911 292 955 334 δὲ
971 291 1225 350 Ἀριαράθης
1246 293 1349 350 πρὸς
1369 295 1465 346 τοὺς
1479 294 1704 352 Ῥωμαίους

230 359 449 415 κατέφυγε,
485 361 554 402 καὶ
586 361 775 411 κοινωνὸς
809 365 868 418 τῷ
897 360 1124 418 Ὀροφέρνῃ
1147 365 1220 416 τῆς
1240 363 1448 415 βασιλείας
1468 362 1543 406 ὖπῗ
1569 365 1703 410 αὐτῶν

229 426 500 470 ἀποδέδεικτο.
559 426 621 470 ὅτι
645 429 689 471 δὲ
713 428 733 471 ὅ
753 426 1007 486 Ἀριαράθης
1029 435 1113 479 τοῖς
1128 427 1344 484 Ῥωμαίοις
1368 432 1486 487 φίλος
1506 434 1574 475 καὶ
1593 431 1703 490 σύμ-

229 511 361 549 μαχος
383 494 704 552 προσηγόρευτο,
739 501 874 539 πᾶσαν
907 497 1054 550 ἐκεῖνος
1084 496 1157 552 τὴν
1188 498 1317 555 ἀρχὴν
1340 500 1383 541 ἐκ
1406 497 1551 543 τούτου
1572 513 1736 559 προσ-5

232 562 477 621 ῳκειιόσατο.
530 566 596 606 καὶ
621 562 641 607 ὃ
660 564 852 615 Ἄτταλος
875 564 919 606 δὲ
940 564 1010 607 τὸν
1030 566 1190 620 Εὐμένη
1214 563 1397 609 θανόντα
1420 567 1706 624 διαδεξάμενος

231 629 301 673 τόν
325 649 366 675 τε
386 631 633 689 Ὀροφέρνην
666 635 733 675 καὶ
766 633 835 675 τὸν
857 631 1097 690 Δημήτριον
1128 639 1333 686 παντελῶς
1362 636 1406 678 ἐκ
1428 639 1501 691 τῆς
1523 637 1705 682 Καππα-

233 700 371 750 δοκίας
391 699 610 755 ἀπήλασεν.
1665 735 1667 737 -

180 760 225 807 B'
371 768 440 811 25.
503 767 554 811 Ὅ
587 770 631 811 δὲ
660 772 732 823 τῆς
767 766 980 825 Αἰγύπτου
1015 774 1174 827 κρατῶν
1205 773 1465 826 Πτολεμαῖος
1494 773 1558 815 ἐπὶ
1590 774 1707 817 δυσὶν
1810 815 1812 819 «

207 833 210 834 ’
232 835 336 878 υἱέσι
358 839 426 878 καὶ
448 841 526 896 μιᾷ
548 837 698 887 ἐξέλιπε
720 838 910 894 θυγατρί.
979 836 1035 888 ὥς
1058 840 1102 881 δὲ
1124 838 1226 897 πρὸς
1249 838 1450 895 ἀλλήλους
1473 841 1511 884 οἳ
1534 840 1704 900 ἀδελφοὶ
1715 854 1761 890 10
1804 875 1814 892 ‚v

234 905 325 960 περὶ
355 908 429 959 τῆς
461 905 589 961 ἀρχῆς
613 906 870 957 ἐστασίασαν,
907 904 1107 960 Ἀντίοχος
1139 905 1161 949 ὃ
1193 912 1265 950 τοῦ
1296 906 1472 964 μεγάλου
1498 908 1706 965 Ἀντιόχου

233 971 321 1022 υἱὸς
353 972 424 1015 τὸν
454 971 652 1016 νεώτατον
683 972 899 1016 ἐκπεσόντα
931 974 1093 1025 ἐδέξατο
1103 1006 1117 1026 ,
1158 976 1228 1017 *ἵνα
1259 974 1464 1034 προφάσει
1492 981 1568 1021 τοῦ
1597 979 1710 1037 αῧτῷ

232 1038 398 1093 ἀμύνειν
430 1044 485 1091 εἷς
515 1041 566 1083 τὰ
597 1046 678 1084 τῶν
709 1043 946 1097 Αἰγυπτίων
977 1044 1194 1099 παρέλθοι.
1263 1046 1331 1086 καὶ
1363 1043 1614 1102 στρατεύσας
1643 1047 1709 1090 ἐπὶ

232 1107 306 1162 τὴν
328 1109 540 1166 Αἴγυπτον
563 1114 635 1164 τῆς
656 1127 698 1152 τε
722 1105 901 1160 πλείονος
919 1109 1060 1167 χώρας
1082 1110 1276 1167 ἐκράτησε
1299 1114 1366 1155 καὶ
1389 1113 1611 1171 ἐπολιόρκει
1633 1115 1709 1171 τὴν
1810 1164 1812 1167 v

227 1175 548 1234 Ἀλεξάνδρειανξ
579 1176 893 1234 καταφυγόντων
918 1180 961 1220 δὲ
983 1184 1063 1222 τῶν
1087 1179 1222 1222 ἄλλων
1240 1180 1341 1236 πρὸς
1357 1181 1452 1232 τοὺς
1468 1180 1705 1237 Ῥωμαίους,
1720 1192 1763 1229 15
1806 1183 1815 1218 2⁴

234 1248 439 1301 πεμφθεὶς
469 1247 571 1302 πρὸς
602 1247 671 1289 τὸν
700 1247 902 1300 Ἀντίοχον
933 1246 954 1288 ὅ
978 1250 1179 1298 Ποπίλιος
1208 1249 1466 1303 ἀποσχέσθαι
1489 1250 1613 1295 αὐτὸν
1634 1257 1711 1307 τῆς
1810 1241 1816 1256 ⁵

31 1312 213 1351 W11111
236 1312 449 1369 Αἰγύπτου
474 1315 694 1357 ἐκέλευσεν·
730 1315 767 1357 οἳ
791 1315 868 1371 γὰρ
893 1315 1063 1372 ἀδελφοὶ
1087 1316 1267 1366 συνέντες
1296 1318 1369 1371 τὴν
1401 1322 1476 1360 τοῦ
1501 1318 1709 1375 Ἀντιόχου

235 1380 419 1424 διάνοιαν
442 1381 764 1438 κατηλλάγησαν.
826 1381 881 1433 ὡς
906 1383 947 1425 δ’
974 1385 1120 1434 ἐκεῖνος
1142 1382 1362 1440 ὑπερέθετο
1385 1385 1460 1440 τὴν
1481 1385 1710 1444 ἀπόκρισιν,

182 1453 214 1489 C
237 1448 384 1493 κύκλον
416 1448 559 1508 ῥάβδῳ
590 1451 705 1507 πέριξ
738 1451 864 1494 αὐτοῦ
896 1452 1161 1509 περιέγραψε,
1207 1453 1423 1496 κάνταῦθα
1445 1455 1568 1498 αὐτὸν
1591 1454 1711 1513 ἕστη-

235 1516 336 1561 κότα
376 1517 557 1576 ἄπῄτησε
595 1516 907 1573 βουλεύσασθαί
942 1537 984 1562 τε
1024 1522 1092 1562 καὶ
1132 1521 1449 1578 ἀποκρίνασθαι.
1523 1525 1708 1580 ἐντεῦθεν
1717 1532 1767 1568 20

237 1587 374 1636 δείσας
405 1585 426 1628 ὃ
454 1587 657 1640 Ἀντίοχος
688 1587 764 1641 τὴν
796 1588 1030 1644 πολιορκίαν
1053 1590 1280 1632 κατέλυσεν.
1349 1589 1644 1648 ἀπαλλαγέντες
1665 1595 1711 1636 δὲ

235 1658 310 1697 τοῦ
340 1653 493 1705 ἔξωθεν
526 1653 659 1712 φόβου
693 1655 732 1697 οἳ
753 1658 1006 1710 Πτολεμαῖοι
1040 1655 1164 1711 (οὕτω
1186 1658 1265 1714 γὰρ
1289 1657 1504 1702 ἐκαλοῦντο
1528 1660 1711 1718 ἀμφότε-

327 1786 349 1822 5
373 1782 414 1819 ἐκ
439 1797 493 1820 om
517 1785 561 1821 A.
676 1786 698 1822 6
722 1780 765 1819 δὲ
789 1796 842 1820 om
866 1784 910 1820 C.
1029 1781 1162 1831 εὖμένη
1186 1766 1230 1829 C,
1254 1783 1404 1833 Εὐμενῆ
1425 1787 1517 1824 Pw.
1621 1792 1666 1827 11.
1689 1789 1711 1827 ὁ

326 1832 396 1865 τοῦ
417 1828 597 1876 οἷντιόχου
619 1831 689 1865 τοῦ
710 1829 870 1875 μεγάλου
894 1827 976 1872 υἴός
998 1831 1042 1868 A.
1153 1832 1197 1868 13
1221 1828 1259 1873 ἐς
1282 1833 1484 1888 5214
1505 1835 1558 1881 τε]
1580 1836 1651 1871 τοῦ
1665 1836 1710 1876 A.

325 1874 558 1967 ᾆξαζιεὶπῧινιξῖς.
582 1878 634 1920 Β,
670 1874 852 1918 πούπλιος
883 1876 927 1911 Α.
1112 1876 1157 1912 19
1187 1885 1413 1946 περιεγραψε
1441 1879 1558 1927 ABG,
1588 1880 1710 1928 περιέ-

371 2013 543 2049 Fon-ns.
594 2015 682 2060 Cap.
705 2013 765 2051 25.
815 2013 943 2049 Dionis
966 2014 1148 2064 Historiae
1173 2015 1358 2051 Romanae
1381 2016 1464 2052 libri
1485 2017 1669 2064 deperditi.

235 2131 326 2161 trem
347 2126 549 2161 insurrexit.
596 2125 778 2162 Ariarathi
809 2138 908 2174 opem
938 2127 1020 2162 tulit
1043 2128 1234 2171 Eumenes,
1269 2127 1464 2174 Oropherni
1489 2130 1618 2175 Syriae
1647 2143 1713 2168 rex

234 2172 449 2206 Demetrius.
496 2172 701 2207 Ariarathes
726 2173 841 2208 victus
866 2174 910 2207 ad
930 2174 1104 2208 Romanos
1128 2173 1305 2218 confugit,
1330 2175 1375 2209 ab
1398 2176 1519 2220 eisque
1542 2188 1611 2211 una
1634 2189 1712 2213 cum

238 2217 448 2262 Oropherne
470 2229 618 2262 regnare
640 2219 768 2262 iussus,
793 2219 875 2264 quia
898 2220 1018 2264 populi
1039 2219 1186 2253 Romani
1209 2220 1336 2254 amicus
1361 2227 1399 2255 et
1420 2221 1536 2256 socius
1559 2234 1578 2257 a
1605 2224 1714 2267 pella-

236 2269 294 2297 tus
318 2269 418 2308 erat,
455 2267 567 2298 totum
590 2264 767 2309 imperium
791 2264 916 2299 exinde
939 2265 1007 2299 sibi
1030 2264 1238 2300 vindicavit.
1291 2270 1398 2311 atque
1420 2267 1560 2302 Attalus
1620 2280 1714 2304 ume-

237 2309 292 2343 nis
315 2321 497 2344 successor
521 2310 760 2356 Orophernem
785 2315 822 2344 et
844 2310 1056 2346 Demetrium
1080 2311 1305 2356 Cappadocia
1327 2323 1470 2356 prorsus
1494 2314 1627 2359 exegit.

374 2356 434 2389 25.
481 2355 636 2403 Aegypti
659 2368 722 2390 rex
744 2357 966 2390 Ptolemaeus
990 2357 1139 2391 moriens
1163 2357 1250 2390 duos
1272 2356 1363 2391 filios
1387 2364 1423 2392 et
1446 2370 1547 2393 unam
1569 2360 1634 2395 reli
1659 2359 1713 2394 uit

236 2400 355 2436 filiam.
403 2402 571 2435 fratribus
607 2405 722 2436 autem
755 2401 849 2436 inter
881 2413 919 2436 se
953 2403 997 2436 de
1027 2413 1138 2447 regno
1173 2403 1481 2448 contendentibus,
1519 2405 1647 2440 Antioc
1671 2416 1713 2440 us

237 2447 354 2491 magni
376 2446 538 2492 Antiochi
562 2446 654 2481 filius
678 2452 763 2482 natu
786 2448 949 2482 minorem
972 2449 1110 2493 pulsum
1134 2448 1310 2493 suscepit,
1344 2453 1384 2483 ut
1406 2461 1470 2496 per
1493 2451 1569 2485 eius
1592 2452 1714 2485 defen-

237 2492 342 2526 dendi
366 2493 518 2538 speciem
542 2493 670 2527 aditum
693 2493 728 2527 in
753 2494 949 2539 Aegyptum
971 2494 1135 2534 haberet3
1159 2493 1380 2539 adductoque
1405 2496 1580 2540 exercitu,
1603 2497 1713 2531 maxi·

238 2549 293 2571 ma
316 2544 418 2582 parte
439 2543 621 2583 occupata,
646 2540 788 2573 obsedit
809 2539 1067 2574 Alexandriam.
1114 2549 1188 2572 cum
1210 2545 1323 2574 autem
1339 2540 1464 2586 reliqui
1479 2542 1525 2577 ad
1540 2542 1714 2578 Romanos

240 2584 502 2628 confugissent,
540 2584 710 2630 Popillius
746 2585 789 2621 ad
820 2585 1027 2620 Antiochum
1065 2585 1189 2619 missus
1227 2597 1304 2619 eum
1334 2586 1499 2632 Aegypto
1534 2588 1715 2624 abstinere

240 2628 364 2662 iussit:
396 2631 524 2664 fratres
557 2631 646 2664 enim
677 2630 853 2665 intellecto
885 2631 978 2666 illius
1010 2630 1153 2664 consilio
1176 2629 1214 2663 in
1237 2631 1385 2675 gratiam
1407 2633 1597 2668 redierant.
1641 2634 1715 2669 An-

240 2674 358 2708 tiocho
383 2686 587 2720 responsum
611 2676 817 2719 differente,
851 2677 953 2722 virga
977 2675 1249 2721 circumscripsit
1270 2689 1406 2722 regem,
1439 2689 1482 2712 ac
1511 2679 1713 2725 priusquam

242 2731 283 2753 eo
317 2720 445 2754 circulo
479 2723 686 2766 excederet,
720 2723 916 2756 deliberare
951 2734 991 2756 ac
1019 2733 1223 2767 responsum
1254 2723 1403 2757 reddere
1434 2724 1550 2759 iussit.
1598 2736 1640 2759 ea
1674 2737 1714 2767 re

240 2764 390 2804 territus
421 2766 614 2802 Antiochus
647 2768 861 2804 obsidionem
893 2767 1012 2803 solvit.
1061 2771 1204 2802 externo
1238 2773 1332 2804 metu
1361 2769 1499 2806 liberati
1528 2770 1714 2806 Ptolemaei
