1820 3120
259 125 359 172 612
734 125 966 170 IOANNIS
992 126 1257 171 ZONARAE

257 241 327 283 τὸν
349 237 645 293 Λιοκλητιανὸν
668 236 951 296 αὖτοκρατορα
974 241 1114 292 είλετο,
1149 241 1234 283 ἐκεῖ
1250 237 1340 284 τότε
1365 240 1551 299 παρόντα,
1573 243 1642 286 καὶ
1660 241 1738 285 ἇν-

259 306 431 365 ὁρειάς’
417 308 515 363 ε’ργα
538 306 669 349 πολλὰ
692 308 734 349 ἓν
758 312 815 365 τῷ
838 307 943 350 κατὰ
965 310 1142 365 Περσῶν
1164 309 1328 367 πολέμῳ
1350 307 1660 365 ἐπιδειξάμενον.

399 374 581 432 Θάτερος
612 375 750 429 μέντοι
785 380 865 418 τῶν
902 375 1048 434 Κάρου
1078 377 1183 420 Υυἱιῖἰν
1219 375 1240 420 ὃ
1275 380 1459 435 Καρΐνος
1491 379 1551 429 εἷς
1576 376 1737 434 Ῥώμην

257 443 408 500 διάγων
425 442 605 499 χαλεπὸς
627 450 710 494 τοῖς
726 442 941 498 Ῥωμαίοις
962 443 1187 501 ἐτύγχανεν,
1223 445 1396 503 ἀσελγὴς
1427 445 1638 503 γενόμενος
1667 449 1737 490 καὶ

257 513 368 567 ὠμὸς
390 514 456 555 καὶ
479 513 750 567 μνησίκακος·
792 512 837 564 ὃς
857 511 937 557 ὕπὸ
961 515 1261 569 Διοκλητιανοῢ
1285 517 1342 566 εἷς
1356 513 1515 571 Ῥώμην
1536 514 1770 572 {mummi-5

256 598 402 632 σαντος
426 578 647 664 διεφθάρη.
694 580 716 624 ὃ
741 582 785 623 δὲ
808 587 880 637 τῆς
904 581 1058 626 τούτων
1083 583 1213 641 ἀρχῆς
1231 582 1382 641 χρόνος
1403 583 1608 642 οῧλγέγονε
1628 585 1735 639 καθ’

254 649 300 693 57
303 649 373 692 όκλ
365 667 476 707 ηρον
500 647 669 706 τριετής.

388 720 455 761 Ἐν
485 716 645 769 τούτοις
673 725 757 767 τοῖς
785 716 950 774 χρόνοις
981 716 1135 774 Μάνης
1170 717 1192 761 ὃ
1221 717 1546 778 τρισκατάρατος
1579 720 1624 763 ἐκ
1656 724 1738 763 τῶν

258 786 430 845 Περσῶν
455 789 510 837 εἲς
533 787 607 841 τὴν
629 787 734 829 καθ’
761 784 871 841 ἡμᾶς
894 788 1128 843 οἰκουμένην
1152 790 1502 846 παρεισφθαρείς,
1533 781 1576 832 ἓν
1607 805 1736 846 ταυτῃ

202 866 231 899 C
256 857 326 899 τὸν
349 858 493 898 οἴκεΐον
516 855 577 898 ἰὸν
601 853 815 911 ἐξήμεσεν·
847 856 924 912 ἀφ’
951 851 1001 899 οὗ
1023 856 1068 899 τὸ
1092 861 1174 900 τῶν
1196 858 1443 912 Μανιχαίων
1464 855 1595 912 ὄνομα
1615 858 1734 915 μέχρι
1747 866 1793 903 10

251 930 326 970 τοῦ
344 929 415 967 νῦν
433 925 506 966 οὐκ
524 924 718 967 ἐπέλιπεν.
755 923 799 975 ὃς
822 926 917 967 ποτὲ
939 926 1014 979 μὲν
1036 924 1297 982 παράκλητον
1319 924 1464 969 ἑαυτὸν
1486 928 1554 968 καὶ
1577 931 1736 981 πνεῦμα

253 992 457 1048 ὠνόμαζεν
481 991 608 1049 ἅγιον,
639 987 673 1051 ᾦ
705 993 751 1036 τὸ
784 998 857 1048 τῆς
880 995 1073 1050 πονηρίας
1096 999 1253 1050 πνεῦμα
1275 999 1496 1052 προφανῶς
1517 993 1736 1054 ἐγκατῴκι-

252 1079 348 1114 στο,
380 1063 476 1104 ποτὲ
511 1062 555 1104 δὲ
584 1061 769 1118 Χριστὸν
802 1060 947 1105 ἑαυτὸν
977 1062 1108 1105 ἐκάλει
1118 1096 1131 1115 ,
1167 1061 1187 1106 ὁ
1218 1061 1299 1106 ὑπὸ
1331 1068 1412 1107 τῶν
1444 1061 1648 1117 δαιμόνων
1680 1065 1737 1116 εἰς

193 1141 196 1145 ’
253 1132 504 1187 λειτουργίαν
527 1131 690 1181 ἐκείνοις
707 1132 920 1188 χρισθείς,
956 1133 1022 1173 καὶ
1045 1131 1242 1187 μαθητὰς
1265 1131 1433 1188 ἐπήγετο
1457 1130 1638 1190 δώδεκα,
1662 1137 1736 1187 τῆς
1784 1124 1790 1129 “

250 1201 378 1243 αὐτοῦ
401 1200 606 1257 φλυαρίας
628 1198 844 1249 κοινωνούς
867 1217 909 1242 τε
933 1203 998 1242 καὶ
1023 1199 1224 1257 κήρυκας,
1258 1201 1309 1256 ἣν
1342 1202 1386 1244 ἐκ
1412 1191 1572 1244 πολλῶν
1591 1201 1732 1244 ἀθέων
1743 1209 1790 1245 15

249 1268 463 1325 δογμάτων
486 1272 566 1311 τῶν
589 1267 668 1323 ἤδη
694 1268 978 1323 ἀπεσβηκυιῶν
1003 1269 1194 1326 αἱρέσεων
1219 1268 1483 1327 συνεφόρησε.

385 1337 605 1380 Διονυσίου
640 1337 776 1391 μέντοι
808 1342 880 1380 τοῦ
914 1337 1010 1388 τοὺς
1032 1339 1074 1380 ἐν
1100 1336 1239 1395 Ῥώμῃ
1263 1339 1430 1390 πιστοὺς
1450 1338 1734 1392 ποιμαίνοντος

248 1407 315 1460 ἔτη
359 1406 470 1447 ἐννέα
512 1407 553 1447 ἐν
593 1404 720 1462 ταύτῃ
761 1411 812 1462 τῇ
848 1408 1075 1466 λειτουργίᾳ
1110 1394 1305 1460 ἧνυκότος
1340 1409 1407 1450 καὶ
1442 1404 1731 1461 μεταστάντος,

252 1477 386 1529 Φῆλιξ
417 1474 488 1516 τὸν
522 1477 594 1528 τῆς
622 1472 1013 1528 Ῥώμηςῖερατικὸν
1045 1477 1247 1526 διεδέξατο
1280 1475 1446 1533 θρόνον.
1515 1473 1661 1518 τούτου
1688 1476 1734 1518 δὲ

193 1549 225 1583 D
250 1543 354 1597 μετὰ
384 1541 533 1598 χρόνον
565 1541 764 1593 θανόντος
800 1548 1014 1597 πενταετῆ,
1062 1544 1312 1598 Εὐτυχιανὸς
1348 1542 1509 1598 ἠξιώθη
1543 1548 1617 1599 τῆς
1650 1548 1789 1587 namo

242 1610 454 1666 Ῥωμαίων
477 1612 708 1666 ἐπισκοπῆς.
778 1610 890 1653 oifnw
915 1612 959 1653 δὲ
981 1614 1080 1666 μησὶ
1105 1613 1200 1655 δέκα
1226 1615 1294 1655 καὶ
1317 1607 1436 1662 οὗτος
1458 1610 1731 1668 ἓπισκοπήσας

249 1678 470 1735 μετήλλαξε
495 1680 569 1734 τὴν
593 1679 711 1735 ζωήν,
746 1682 814 1722 καὶ
841 1679 1087 1735 ἀντεισήχθη
1120 1683 1174 1731 εἷς
1197 1682 1242 1723 τὸ
1268 1686 1340 1736 τῆς
1362 1685 1626 1736 ποιμαντικῆς
1648 1685 1731 1723 λει-

249 1747 461 1806 τούργημα
486 1746 622 1799 Γάϊος.
690 1742 812 1806 οὗπερ
845 1748 953 1806 ἀμφὶ
985 1749 1036 1791 τὰ
1069 1751 1349 1793 πεντεκαίδεκα
1381 1749 1448 1806 ἴτη
1483 1748 1731 1807 προστάντος

341 1890 363 1925 6
397 1886 618 1934 διεφθάρη]
660 1889 727 1923 huc
767 1889 945 1934 pertinere
983 1876 1125 1925 videtur
1156 1889 1280 1924 Dionis
1318 1890 1514 1925 continuati
1547 1901 1626 1924 exc.
1661 1890 1730 1926 128

339 1935 496 2017 εἶῃῖἷὲ.
593 1935 638 1972 19
661 1947 717 1981 sq.
746 1935 858 1980 Φίληξ
881 1936 973 1973 PW.
1068 1934 1213 1981 θρόνον
1237 1935 1428 1979 διεδέξατο
1452 1936 1495 1971 Β.
1586 1936 1634 1970 20
1654 1936 1729 1972 τῶν

244 2110 366 2149 cutus,
390 2103 615 2139 Diocletiano
642 2115 663 2139 a
688 2104 856 2139 militibus
880 2105 1051 2150 delatum,
1086 2117 1128 2140 eo
1151 2105 1240 2140 bello
1265 2105 1407 2141 Persico
1432 2105 1551 2140 multis
1575 2081 1726 2141 fortibus

244 2152 459 2187 facinoribus
484 2150 679 2184 nobilitato.

384 2198 569 2232 Caeterum
606 2196 697 2230 alter
721 2197 803 2231 Cari
838 2197 928 2232 filius
954 2197 1123 2241 Carinus,
1159 2209 1235 2233 cum
1268 2166 1435 2233 Romania
1468 2197 1590 2246 gravis
1619 2202 1724 2241 esset,

245 2243 443 2278 luxuriosus
479 2242 628 2277 crudelis
661 2247 696 2275 et
726 2243 819 2277 ultor
853 2244 1078 2287 iniuriarum,
1112 2256 1132 2278 a
1156 2245 1378 2282 Diocletiano
1400 2245 1544 2279 Romam
1567 2244 1723 2288 ingresso

246 2290 382 2324 occisus
408 2294 475 2325 est.
521 2292 655 2334 tempus
679 2287 818 2334 imperii
841 2290 961 2324 horum
985 2290 1087 2324 trium
1112 2291 1298 2326 triennium
1322 2302 1392 2325 non
1415 2290 1585 2336 explevit.

381 2335 449 2369 His
475 2335 692 2379 temporibus
716 2336 855 2378 Manes,
889 2336 988 2370 homo
1014 2336 1263 2381 detestandus,
1297 2348 1341 2371 ex
1362 2337 1486 2371 Persia
1507 2337 1544 2370 in
1568 2341 1725 2372 nostrum

245 2383 327 2416 orbe
322 2393 361 2415 m
396 2381 553 2424 delatus,
589 2392 686 2414 suum
712 2393 881 2416 venenum
907 2382 1079 2416 evomuit:
1115 2384 1207 2418 unde
1231 2383 1514 2418 Manichaeorum
1537 2394 1661 2417 nomen
1686 2383 1725 2417 in

246 2429 336 2461 §.unc
359 2439 468 2472 usquc
493 2426 583 2460 diem
606 2426 722 2462 durat.
755 2428 786 2461 is
807 2428 894 2462 alias
918 2429 1133 2473 paracletum
1157 2434 1195 2464 et
1217 2428 1378 2474 spiritum
1401 2434 1557 2463 sanctum
1581 2439 1622 2463 se
1645 2440 1723 2462 esse

245 2474 497 2518 profitebatur,
533 2484 608 2507 cum
637 2472 780 2518 spiritus
814 2474 1052 2528 improbitatis
1076 2475 1258 2510 evidenter
1282 2475 1318 2508 in
1342 2486 1384 2508 eo
1408 2474 1602 2517 habitaret3
1634 2474 1722 2509 alitis

245 2520 424 2553 Christum
441 2531 478 2553 se
494 2518 683 2563 nominans,
709 2531 785 2553 cum
811 2531 830 2553 a
854 2519 1079 2555 daemonibus
1103 2522 1145 2555 ad
1169 2522 1328 2575 ipsorum
1347 2521 1572 2555 ministerium
1596 2525 1721 2555 unctus

244 2570 350 2608 esset,
376 2565 555 2599 duodecim
580 2565 764 2610 discipulos
792 2566 845 2599 sui
868 2566 982 2600 delirii
1008 2578 1050 2601 ex
1073 2567 1188 2602 multis
1212 2566 1317 2601 sectis
1340 2566 1408 2601 iam
1434 2567 1556 2602 desitis
1580 2577 1722 2600 coacer-

246 2611 321 2644 vati
345 2612 461 2644 socios
484 2615 520 2644 et
540 2622 733 2656 praecones
757 2611 1048 2647 circumducebat.

383 2657 573 2700 Dionysius
606 2668 681 2691 cum
714 2658 845 2692 Romae
878 2658 1001 2693 fideles
1032 2669 1156 2692 novem
1186 2657 1286 2692 annis
1320 2658 1501 2703 pavisset,
1535 2658 1720 2692 defunctus

244 2702 396 2736 Felicem
422 2714 658 2737 successorem
682 2703 817 2737 habuit.
846 2703 902 2738 cui
923 2709 1005 2749 post
1027 2703 1295 2749 quinquennium
1320 2709 1453 2739 mortuo
1476 2703 1719 2748 Eutychianus

244 2748 424 2782 successit.
459 2760 527 2793 quo
553 2749 647 2783 intra
670 2749 787 2783 decem
812 2761 946 2783 menses
971 2750 1063 2784 illum
1086 2754 1283 2793 consecuto,
1307 2751 1457 2795 pastoris
1480 2761 1602 2785 munus
1627 2749 1720 2784 Gaio

245 2799 300 2828 est
329 2794 546 2830 mandatum:
582 2795 643 2839 qui
676 2806 750 2830 cum
783 2806 890 2830 annos
915 2796 1056 2830 circiter
1078 2796 1272 2841 quindecim
1296 2797 1467 2832 ecclesiae
1487 2793 1718 2843 praefuisset,
