1820 3120
296 80 391 125 192
765 79 991 126 IOANNIS
1019 80 1278 130 zoNARAE

292 210 392 236 σατο
415 192 488 246 μὲν
512 192 560 234 οὗ
582 191 722 250 πόρρω
744 197 824 237 τῶν
847 195 1061 250 πολεμίων,
1096 193 1143 236 οὗ
1167 195 1303 249 μέντοι
1333 197 1400 242 καὶ
1432 195 1472 246 ἐς
1489 201 1630 254 χεῖρας
1650 196 1753 238 ἐκεί-

291 278 375 310 νοις
414 254 567 315 ἦλθεν,
616 262 711 303 ἀλλ’
754 261 1085 306 ἀποσκίδνασθαί
1120 279 1162 304 τε
1203 261 1351 312 αὖτοὺς
1390 264 1457 306 καὶ
1495 261 1752 320 προνομεύειν

240 334 271 367 D
295 327 485 371 ἐκώλυεν·
521 327 621 372 ὥστε
645 329 714 373 τὸν
729 329 912 384 Ἀννίβαν
935 329 1194 387 ἀπορήσαντα
1225 330 1272 373 τὸ
1302 331 1376 384 μὲν
1406 335 1565 387 πρῶτον
1593 333 1658 375 ἐπὶ
1678 331 1751 386 τὴν

283 395 441 451 Ῥώμην
463 394 659 452 ὁρμῆσαν
696 396 751 448 ὡς
773 398 815 440 δ’
842 399 915 441 οὒκ
937 397 1129 453 ἐμάχετο,
1155 398 1212 440 δι’
1237 396 1410 453 ἡσυχίας
1431 399 1475 441 δὲ
1495 398 1751 456 παρηκολού-

288 469 356 508 θει
382 463 403 507 ὃ
431 464 611 518 Φάβιος,
646 460 770 516 αὖθις
790 464 1040 524 ὑπέστρεψεν
1064 468 1119 516 εἷς
1139 466 1184 510 τὸ
1210 465 1397 510 Σαύνιον.
1462 464 1570 513 καὶὸ
1591 466 1784 522 Φάβιοςὸ
1819 462 1820 492 P

289 533 399 592 αὐτῷ
439 531 681 589 ἐφεπόμενος
721 535 780 576 δι’
826 535 1049 592 ἀσφαλείας
1087 533 1363 592 προσήδρευε,
1414 533 1752 590 προμηθούμενος

287 600 387 656 μήτε
419 606 499 644 τῶν
533 603 686 645 οἰκείων
721 602 939 656 ἀποβαλεῖν
975 620 1110 654 τινας,
1152 605 1220 645 καὶ
1251 602 1374 654 αὐτὸς
1405 603 1479 656 μὲν
1509 603 1552 654 ἐν
1585 602 1751 663 εὐπορίᾳ

289 675 368 713 τῶν
409 670 634 725 ἀναγκαίων
675 669 906 726 τυγχάνων,
952 671 1086 729 ἐκείνῳ
1126 671 1170 713 δὲ
1203 675 1284 714 τῶν
1318 670 1453 714 ὅπλων
1488 670 1601 721 ἐκτὸς
1636 672 1752 715 οὐδὲν

288 744 493 793 προσεῖναι
526 735 653 793 ὁρῶν,
700 740 767 780 καὶ
796 740 897 794 μηδ’
933 739 1095 782 οἴκοθεν
1126 743 1374 796 προσιοῦσαν
1405 740 1646 794 ἐπικουρίαν.
1713 739 1752 782 οἱ

287 807 365 862 γὰρ
401 805 676 862 Καρχηδόνιοι
709 807 774 848 καὶ
807 809 849 850 ἐν
878 808 1020 863 γέλωτι
1052 807 1175 851 αὐτὸν
1205 808 1424 859 ἐποιοῦντο,
1465 805 1676 865 γράφοντα
1707 802 1750 850 εὖ
1763 815 1808 851 10

288 872 476 930 πράττειν
515 876 582 915 καὶ
618 875 749 916 πολλὰ
789 880 1034 932 κατορθοῦν,
1081 877 1150 919 καὶ
1188 875 1439 932 στρατιώτας
1475 876 1578 932 παρ’
1619 875 1754 920 αὐτῶν

289 945 478 984 αἰτοῦντα
500 943 568 983 καὶ
586 940 804 999 χρήματα,
838 944 1016 1000 λέγοντες
1035 943 1095 998 μὴ
1118 951 1349 1000 συμφωνεῖν
1370 943 1445 996 τὰς
1467 941 1644 999 αἰτήσεις
1663 951 1753 994 ταῖς

285 1008 580 1067 κατορθώσεσι.
648 1011 743 1061 τοὺς
781 1011 859 1069 γὰρ
902 1017 1096 1063 νικῶντας
1134 1010 1349 1067 προσήκειν
1386 1013 1454 1055 καὶ
1491 1015 1550 1070 τῷ
1583 1010 1753 1069 παρόντι

97 1091 128 1124 Ρ
152 1090 170 1124 I
195 1089 264 1126 415
288 1079 502 1133 ἀρκεῖσθαι
526 1072 818 1136 στρατεύματι,
863 1083 931 1124 καὶ
956 1078 1150 1138 χρήματα
1182 1081 1356 1145 στέλλειν
1387 1079 1547 1132 οἴκαδε,
1579 1079 1675 1123 ἀλλ’
1702 1079 1750 1123 οὗ

284 1154 528 1205 προσαιτεῖν.
888 1171 890 1173 >
1493 1146 1497 1150 ⁴
1761 1152 1806 1188 15

413 1215 517 1266 ‘'Ewg
550 1216 624 1270 μὲν
658 1210 730 1259 οὖν
762 1214 942 1271 ε’νεδήμει
977 1215 999 1260 ὃ
1027 1214 1209 1271 Φάβιος,
1246 1217 1375 1260 δεινὸν
1398 1217 1517 1260 οὐδὲν
1537 1221 1622 1267 τοΐς
1648 1213 1750 1259 Ῥω-

283 1286 420 1340 μαίοις
450 1284 599 1340 ἐγένετο
611 1315 624 1336 ,
671 1282 727 1334 ὥς
750 1285 790 1327 δ’
817 1286 964 1335 ἐκεῖνος
986 1287 1042 1335 εἷς
1063 1285 1136 1339 τὴν
1153 1282 1312 1340 Ῥώμην
1335 1285 1464 1342 ἀπῆρε
1487 1284 1594 1328 κατά
1615 1301 1655 1326 τι
1677 1285 1751 1338 ὁη-

283 1352 441 1408 μόσιον,
476 1351 680 1395 ἔπταισαν.
748 1351 770 1394 ὃ
801 1352 878 1409 γὰρ
909 1350 1083 1410 Ῥοῦφος
1115 1351 1136 1396 ὅ
1167 1354 1394 1410 ἵππαρχος,
1423 1351 1615 1410 φρόνημα
1637 1351 1750 1395 κενὸν

283 1420 362 1464 ὑπὸ
385 1420 568 1476 νεότητος
591 1419 692 1474 ἔχων
715 1422 783 1462 καὶ
805 1425 885 1463 τῶν
907 1425 1132 1475 πολεμικῶν
1155 1419 1408 1479 σφαλμάτων
1433 1421 1672 1478 ἀπερίοπτος
1695 1419 1751 1463 ὢν

284 1492 352 1533 καὶ
383 1494 434 1547 τῇ
465 1487 653 1544 μελλήσει
685 1494 757 1531 τοῦ
786 1490 946 1543 Φαβίου
980 1488 1232 1545 ἀχθόμενος,
1279 1491 1361 1533 ἐπεὶ
1394 1489 1468 1544 τὴν
1500 1489 1806 1546 προστασίανῖθ

283 1562 358 1614 τῆς
380 1562 572 1615 στρατιᾶς
593 1556 716 1611 μόνος
739 1557 850 1610 ἔσχε,
884 1562 964 1600 τῶν
994 1559 1068 1612 μὲν
1099 1559 1269 1600 ἐντολῶν
1299 1562 1372 1600 τοῦ
1394 1555 1630 1614 δικτάτορος
1651 1557 1748 1599 ὠλι-

283 1625 478 1685 γώρησεν,
513 1624 697 1683 ὁρμήσας
720 1626 763 1668 δ’
790 1629 846 1676 εἷς
867 1624 1091 1684 παράταξιν
1114 1626 1159 1669 τὸ
1182 1627 1256 1681 μὲν
1281 1629 1442 1683 πρῶτον
1464 1631 1578 1669 νικᾶν
1602 1625 1748 1676 ἔδοξεν,

375 1779 396 1812 5
419 1776 483 1814 καὶ
509 1775 529 1814 ὁ
557 1776 698 1823 Φάβιος
720 1799 765 1804 -
790 1779 833 1813 15
859 1775 905 1813 οὗ
926 1781 1139 1823 προσαιτεῖν
1170 1779 1298 1814 Dionis
1320 1783 1522 1825 excerptum
1545 1779 1751 1814 Vaticanum

374 1825 432 1861 74.
552 1823 572 1859 7
597 1825 670 1859 τῶν
696 1819 910 1868 ἀναγκαίων
933 1820 973 1860 ἔν
995 1822 1153 1871 εὐπορίᾳ
1175 1825 1251 1862 ΑΒ.
1367 1825 1412 1860 13
1433 1822 1631 1871 προσήκειν
1662 1825 1751 1860 Dio-

376 1871 431 1906 nis
456 1882 547 1915 exc„
570 1867 746 1916 ’προσήκει
767 1871 856 1906 PW.
960 1869 1005 1906 14
1027 1871 1180 1906 στείλειν
1203 1871 1247 1906 C.
1357 1870 1402 1907 17
1425 1865 1464 1912 ἐς
1486 1871 1530 1906 C.

281 2009 402 2055 procul
428 2019 448 2041 a
473 2008 598 2041 Poenis
622 2011 741 2041 castre
763 2007 894 2052 posuit.
918 2008 980 2041 sed
1002 2018 1118 2053 pugna
1141 2008 1336 2042 detrectata
1359 2018 1419 2042 eos
1442 2006 1564 2052 vagari
1586 2011 1623 2041 et
1648 2018 1750 2051 prae-

281 2056 344 2089 das
368 2065 473 2098 agere
497 2052 688 2099 prohibuit.
734 2053 855 2098 itaque
878 2053 1052 2087 Hannibal
1087 2055 1130 2088 ob
1162 2053 1375 2089 cibariorum·
1397 2052 1575 2099 penuriam
1605 2053 1751 2097 primum

281 2100 420 2134 Romam
451 2099 618 2133 invadere
651 2098 796 2133 statuit:
830 2102 868 2133 ut
900 2104 1015 2134 autem
1046 2099 1180 2134 Fabius
1211 2110 1350 2154 pugnae
1381 2099 1481 2144 copia
1513 2104 1641 2143 negata
1670 2108 1748 2132 eum

280 2145 493 2191 pedetentim
527 2147 787 2188 assectabatur‚
820 2144 857 2178 in
880 2144 1056 2179 Samnium
1079 2145 1207 2188 rediit,
1244 2145 1417 2180 metatore
1441 2154 1613 2188 nunquam
1638 2144 1683 2178 ab
1706 2155 1750 2177 eo

279 2191 500 2234 discedente,
535 2196 640 2235 atque
674 2190 710 2224 in
740 2191 775 2224 id
809 2191 967 2235 intento,
1002 2202 1046 2225 ne
1071 2202 1157 2236 quos
1181 2202 1319 2226 suorum
1343 2190 1539 2233 amitteret,
1574 2189 1751 2234 cumipse

280 2243 471 2271 commeatu
497 2237 708 2280 abundaret,
740 2237 797 2270 ille
826 2243 940 2271 autem
963 2242 1104 2282 praeter
1125 2247 1218 2271 arma
1240 2236 1323 2271 nihil
1346 2235 1490 2270 haberet
1513 2246 1626 2280 neque
1649 2234 1749 2268 domo

279 2283 407 2317 auxilia
429 2284 618 2328 acciperet.
665 2293 741 2316 nam
772 2283 1078 2327 Carthaginienses
1113 2294 1188 2317 eum
1221 2282 1444 2326 deridebant,
1476 2281 1686 2316 scribentem
1710 2291 1749 2314 se

278 2330 368 2363 bene
393 2340 465 2362 rem
488 2339 612 2372 gerere
636 2334 673 2361 et
695 2329 872 2374 prosperis
895 2330 948 2363 uti
970 2329 1204 2371 successibus,
1230 2334 1268 2362 et
1289 2333 1404 2362 tamen
1425 2326 1606 2382 pecuniam
1628 2331 1666 2360 et
1687 2325 1751 2360 mi-

277 2375 359 2409 lites
393 2374 631 2419 flagitantem:
670 2385 784 2418 neque
821 2374 910 2408 enim
947 2374 1134 2420 petitiones
1172 2385 1247 2408 cum
1283 2375 1503 2408 successlbus
1535 2371 1751 2407 consentire.

279 2421 432 2454 victores
456 2421 546 2454 enim
569 2420 712 2462 decere,
740 2420 948 2455 exercitibus
975 2431 1062 2466 quos
1086 2420 1236 2454 habeant
1258 2425 1459 2465 contentos,
1482 2417 1663 2465 pecuniam
1685 2417 1750 2452 do»-

278 2478 369 2501 mum
391 2466 552 2509 mittere,
577 2477 645 2499 non
668 2466 895 2502 emendicare.

417 2513 470 2546 Ac
494 2513 572 2546 dum
597 2511 729 2546 Fabius
753 2511 844 2557 apud
869 2511 1054 2546 exercitum
1077 2511 1165 2553 fuit,
1200 2510 1285 2545 nihil
1308 2509 1450 2545 adversi
1471 2508 1636 2543 Romanis
1659 2508 1752 2542 acci-

279 2558 349 2591 dit:
384 2570 425 2592 eo
461 2564 576 2592 autem
598 2557 742 2591 Romam
775 2558 819 2591 ob
850 2556 989 2602 publica
1019 2557 1159 2601 negotia
1181 2558 1341 2602 profecto
1363 2556 1408 2590 im
1433 2558 1591 2600 egerunt.
1638 2553 1752 2588 Rufus

280 2604 370 2638 enim
403 2603 568 2648 magister
599 2603 770 2647 equitum,
804 2603 951 2638 iuvenili
981 2603 1128 2638 audacia
1157 2602 1335 2637 exsultans
1367 2603 1411 2636 be
1425 2601 1518 2646 lique
1547 2610 1648 2634 casus
1678 2610 1750 2633 non

276 2649 494 2694 prospiciens
530 2654 566 2682 et
600 2648 704 2683 Fabii
736 2650 989 2683 cunctationem
1023 2659 1127 2692 aegre
1161 2649 1300 2691 ferens,
1335 2659 1411 2682 cum
1445 2646 1538 2681 solus
1568 2645 1748 2690 imperinm

277 2695 425 2740 adeptus
450 2701 566 2738 esset,
600 2694 836 2728 mandatorum
859 2694 1041 2729 dictatoris
1064 2695 1238 2728 immemor
1260 2694 1335 2727 acie
1361 2704 1437 2727 cum
1459 2691 1562 2726 hoste
1585 2701 1748 2735 congres—

279 2751 338 2776 sus
365 2740 538 2788 principio
562 2740 653 2776 bene
676 2740 867 2786 pugnavit,
891 2741 954 2777 sed
976 2740 1116 2776 tandem
1138 2741 1339 2775 succubuit:
1363 2744 1402 2774 et
1422 2737 1669 2773 internecione·
1686 2736 1749 2770 de-
