1820 3120
270 97 367 143 262
771 93 999 136 IOANNIS
1027 93 1289 137 ZONARAE

270 218 354 260 τοῖς
387 210 460 263 μέν
486 210 691 258 Αἰτωλοῖς
714 207 865 262 ἀνοχὴν
897 205 1043 249 ἔδοσαν
1064 205 1123 247 ‘lv’
1152 207 1192 257 ἐς
1215 207 1288 261 τὴν
1303 205 1463 263 Ῥώμην
1494 203 1620 260 αὖθις
1641 207 1743 266 ὑπὲρ

272 283 344 332 τῆς
368 276 528 334 εἰρήνης
550 274 878 333 πρεσβεύσωνται
891 308 904 327 ,
939 275 1147 331 ἠπείγοντο
1171 275 1214 317 δ’
1242 277 1305 317 ἐπὶ
1327 275 1398 319 τὸν
1415 277 1642 332 Ἀντίοχον,
1675 280 1744 320 καὶ

271 348 333 388 ἐπὶ
359 345 627 389 Μακεδονίαν
651 343 851 395 ἐλθόντες,
888 342 1129 398 συμμάχους
1151 360 1192 386 τε
1217 342 1409 398 λαβόντες
1432 345 1476 388 ἐκ
1497 349 1571 390 τοῦ
1595 347 1744 389 Φιλίπ-

270 431 373 466 που,
418 415 482 456 ἐπὶ
513 413 583 456 τὸν
601 411 898 468 Ἑλλήσποντον
921 411 1091 467 ἤλασαν.
1160 414 1227 454 καὶ
1257 413 1299 462 ἐς
1319 411 1393 467 τὴν
1409 411 1548 456 Ἀσίαν
1568 430 1746 471 macm-

271 483 410 532 θέντες
441 482 493 525 τὰ
525 485 694 524 πλεῖστα
724 486 804 524 τῶν
827 480 1180 538 παραθαλασσίων
1202 480 1427 535 κατέλαβον
1450 486 1779 538 amiternina-5

219 557 250 590 D
273 551 376 605 μένα
401 550 513 607 παρὰ
537 553 616 592 τῶν
650 551 735 592 ἐκεῖ
759 547 1101 605 προαπελθόντων
1118 546 1360 602 ςΡωμαίων,
1393 549 1498 606 πρὸς
1521 550 1566 592 δὲ
1585 551 1655 593 nai
1675 554 1750 594 τοῦ

270 620 479 673 Εὐμένους
513 620 580 660 καὶ
613 622 694 660 τῶν
719 616 915 669 (Ροδίων,
964 617 1011 659 οἳ
1036 618 1104 660 καὶ
1139 616 1210 660 τὸν
1233 617 1420 672 Ἀννίβαν
1451 622 1551 668 ναῦς
1571 634 1683 670 τινας
1705 620 1750 662 ἐκ

276 689 470 742 Φοινίκης
492 686 644 742 ἄγοντα
667 687 758 743 περὶ
780 686 1038 743 Παμφυλίαν
1064 686 1263 741 ἐνίκησαν.
1315 687 1383 728 καὶ
1405 685 1591 741 Εὐμένης
1614 687 1660 730 δὲ
1681 689 1750 730 καὶ

262 755 456 806 ’Άτταλος
480 753 500 797 ὅ
527 754 706 811 ἀδελφὸς
730 754 857 797 αὐτοῦ
879 754 952 809 τὴν
971 752 1113 809 χώραν
1137 752 1305 797 ἐκάκουν
1326 757 1402 797 τοῦ
1417 752 1647 809 Ἀντιόχου,
1681 756 1750 797 καὶ

269 823 405 875 πόλεις
428 824 470 865 αἱ
493 824 566 877 μὲν
588 824 662 882 βία
686 822 728 865 αἱ
748 823 788 864 δ’
811 821 991 865 ἓκούσιαι
1009 822 1111 879 πρὸς
1126 823 1221 873 τοὺς
1238 821 1471 877 “Ρωμαίους
1485 824 1748 877 μεθίσταντο,
1759 831 1807 866 10

272 891 375 935 ὥστε
415 893 458 934 ἐκ
491 890 645 934 τούτων
677 891 990 946 ἀναγκασθῆναι
1032 890 1103 933 τὸν
1133 890 1334 945 Ἀντίοχον
1359 891 1440 944 >τὴν
1473 890 1677 948 Εὐρώπην
1707 909 1750 935 τε

270 964 475 1010 παντελῶς
511 961 683 1002 ἐκλιπεῖν
716 961 783 1001 καὶ
815 959 885 1002 τὸν
917 958 1007 1001 υἱὸν
1040 958 1246 1001 Σέλευκον·
1274 959 1355 1002 ἀπὸ
1388 963 1462 1014 τῆς
1481 961 1752 1015 Λυσιμαχίας

273 1029 506 1085 ἀπαγαγεῖν.
549 1026 595 1070 ὃν
618 1025 896 1070 ἐπανελθόντα
919 1027 995 1071 σὺν
1014 1025 1182 1081 δυνάμει
1200 1028 1263 1069 ἐπὶ
1286 1026 1360 1082 τὴν
1381 1027 1605 1084 Πέργαμον
1626 1027 1751 1083 ἔπεμ-

272 1109 364 1152 ψεν.
436 1095 491 1147 ὥς
526 1097 570 1138 δὲ
601 1094 902 1153 προσεδρεύσας
931 1099 980 1152 τῇ
1004 1094 1117 1137 πόλει
1142 1095 1258 1137 οὐδὲν
1281 1095 1470 1152 ἐπέρανε,
1499 1098 1568 1139 καὶ
1591 1096 1631 1140 οἶ
1652 1099 1752 1139 Σκι-
1819 1153 1820 1156 ¹

271 1167 417 1215 πίωνες
439 1166 635 1220 ἐπῆλθον,
659 1165 785 1214 εὐθὺς
808 1164 945 1214 αὐτοῖς
967 1162 1326 1220 ἐπεκηρυκεύσατο,
1351 1163 1638 1221 προσδοκήσας
1658 1163 1750 1208 τεῦ-
1761 1174 1807 1210 15

273 1237 422 1285 ξεσθαι
449 1237 522 1288 τῆς
546 1232 730 1290 εἰρήνης,
754 1231 816 1275 ὅτι
840 1233 911 1275 τὸν
928 1233 1179 1289 Ἀφρικανοῦ
1198 1232 1287 1275 υἱὸν
1311 1232 1528 1287 συλλαβὼν
1551 1234 1592 1277 ἐν
1618 1237 1752 1291 θερα-

272 1304 366 1362 πεία
389 1301 465 1356 εἶχε
490 1306 640 1358 πολλῇ·
676 1303 743 1343 καὶ
767 1301 892 1352 τέλος,
928 1302 1070 1357 καίπερ
1093 1305 1174 1344 τῶν
1198 1302 1384 1344 σπονδῶν
1406 1299 1600 1358 ἁμαρτών
1608 1334 1622 1355 ,
1657 1301 1752 1345 ἄνευ

84 1375 113 1409 Ρ
138 1377 157 1411 I
182 1378 252 1415 453
277 1370 435 1427 λύτρων
467 1370 621 1428 ἀφῆκεν
655 1368 790 1412 αὐτόν.
861 1369 934 1412 οὐκ
954 1369 1104 1424 ἐγένετο
1129 1370 1174 1411 δὲ
1196 1367 1222 1424 ἦ
1247 1367 1385 1427 εἳρήνη
1397 1401 1411 1421 ,
1453 1374 1528 1413 τοῦ
1544 1368 1751 1425 Ἀντιόχου

274 1439 302 1482 ἃ
326 1440 364 1482 οἳ
381 1438 582 1493 εΡωμαῖοι
607 1437 788 1495 ἀπῄτουν
809 1438 868 1492 μὴ
893 1438 1141 1491 συνθεμένου
1166 1441 1347 1492 ποιῆσαι.

414 1508 527 1557 Τέως
549 1500 687 1562 μέντοι
715 1508 778 1548 ἐπὶ
803 1505 905 1548 πολὺ
929 1503 1155 1560 ἡσύχασαν,
1193 1503 1277 1548 εἶτα
1300 1507 1367 1548 καὶ
1394 1506 1659 1561 ἐπολέμησαν.
1727 1503 1808 1549 1520

276 1578 320 1618 δὲ
345 1576 452 1631 α’γιὺν
477 1575 606 1625 οὕτως
629 1575 794 1630 ἐγένετο.
866 1578 1007 1631 πρῶτα
1031 1575 1083 1616 τὰ
1108 1573 1287 1632 ἅρματα,
1314 1572 1399 1617 εἶτα
1417 1574 1513 1625 τοὺς
1529 1574 1753 1631 ἐλέφαντας

277 1643 297 1686 ὁ
330 1645 550 1698 Ἀντιόχος
584 1643 721 1695 ἔταξε,
757 1644 823 1685 καὶ
856 1643 959 1697 μετὰ
993 1647 1123 1685 ταῦτα
1156 1642 1251 1693 τοὺς
1273 1641 1550 1700 σφενδονήτας
1567 1645 1639 1686 καὶ
1658 1643 1754 1694 τούς

367 1798 390 1831 2
414 1796 480 1840 τῆς
503 1807 557 1830 om
582 1795 624 1830 A.
766 1793 787 1829 7
804 1790 993 1838 Εὐμενοῦς
1015 1798 1053 1829 et
1074 1794 1098 1829 8
1118 1792 1287 1839 Εὐμενὴς
1310 1795 1403 1841 Pw,
1426 1805 1517 1841 quae
1539 1805 1576 1840 p.
1588 1794 1658 1830 255
1678 1806 1714 1832 v,
1729 1794 1752 1830 6

365 1838 543 1886 Εὐμένης.
660 1841 683 1875 8
706 1837 897 1885 ἀνάγοντα
920 1841 963 1875 Α.
1078 1840 1102 1876 9
1124 1836 1262 1875 ἐκάκου
1286 1842 1328 1876 A.
1351 1845 1353 1849 ’
1454 1841 1499 1876 10
1521 1838 1609 1881 τοὺς
1628 1852 1682 1876 om
1705 1841 1749 1876 A.

368 1887 411 1923 16
437 1885 495 1921 ὅτι
518 1883 585 1921 τὸν
604 1883 823 1931 Ἀφρικανοῦ
846 1904 890 1911 -
915 1886 960 1922 18
982 1881 1128 1930 οἷφῆκεν
1155 1883 1272 1922 αὐτόν
1296 1886 1418 1921 Dionis
1443 1890 1646 1933 excerptum
1668 1887 1753 1930 Pei-

367 1933 563 1969 rescianum
585 1933 643 1969 69.
787 1932 832 1967 18
859 1929 882 1976 ἡ
909 1943 962 1967 om
987 1932 1030 1967 A.
1170 1933 1214 1968 21
1240 1929 1308 1978 τοὶ]
1330 1929 1398 1978 μὲν
1420 1932 1464 1968 Α.

274 2075 379 2116 gatos
403 2070 623 2115 pacificatum
646 2069 838 2105 mitterent.
887 2073 923 2104 et
947 2069 1030 2114 quia
1054 2073 1178 2104 contra
1202 2069 1410 2104 Antiochum
1433 2070 1690 2115 properabant,
1716 2071 1752 2104 in

275 2116 514 2150 Macedoniam
541 2115 703 2160 profecti,
729 2114 953 2161 acceptisque
978 2127 998 2149 a
1022 2115 1182 2160 Philippo
1205 2116 1365 2159 auxiliis,
1402 2126 1467 2160 per
1490 2115 1751 2161 Hellespontum

274 2164 310 2197 in
341 2162 460 2196 Asiam
485 2161 637 2204 traiecti,
665 2162 842 2195 maximam
867 2173 949 2195 orae
973 2161 1166 2195 maritimae
1190 2166 1326 2206 partem
1342 2161 1558 2206 aRomanis,
1580 2162 1639 2207 qui
1654 2162 1754 2207 prius

274 2221 316 2242 eo
341 2213 526 2250 venerant,
549 2211 657 2251 atque
682 2208 725 2240 ab
752 2208 907 2241 Eumene
931 2210 967 2240 et
990 2207 1138 2240 Rhodiis
1163 2212 1453 2251 praeoccupatam
1475 2206 1709 2242 invenerunt=
1732 2219 1754 2242 a

274 2254 400 2300 quibus
425 2253 529 2291 etiam
554 2253 731 2286 Hannibal
754 2264 861 2287 naves
886 2253 1019 2298 aliquot
1039 2265 1059 2286 e
1085 2252 1271 2287 Phoenicia
1301 2253 1431 2287 ducens
1454 2252 1554 2287 iuxta
1579 2254 1768 2299 Pamphy-.

273 2301 354 2334 liam
377 2299 493 2334 victus
517 2300 644 2333 fuerat.
692 2299 846 2333 Eumene
870 2310 972 2344 porro
997 2303 1033 2332 et
1050 2299 1170 2332 Attalo
1193 2300 1305 2332 fratre
1330 2299 1404 2333 eius
1420 2298 1587 2336 Antiochi
1607 2310 1752 2345 regnum

276 2345 522 2389 vastantibus,
549 2346 655 2378 urbes
686 2346 815 2390 partim
840 2345 933 2378 ultro
957 2344 1082 2390 partim
1108 2349 1249 2379 coactae
1272 2344 1326 2378 ad'
1339 2344 1516 2378 Romanos
1539 2345 1752 2381 defecerunt.

276 2393 368 2426 unde
396 2391 588 2425 necessitas
612 2391 787 2424 Antiocho
811 2390 972 2436 imposita
998 2394 1053 2424 est
1076 2389 1217 2435 Europa
1241 2401 1384 2435 prorsus
1399 2390 1603 2432 excedendi,
1628 2395 1667 2426 et
1687 2392 1753 2426 Se-

274 2438 364 2472 leuci
388 2437 449 2471 filii
475 2436 698 2481 Lysimachia
723 2436 924 2471 revocandi.
972 2448 1080 2481 quem,
1096 2447 1278 2470 reversum
1301 2447 1377 2470 cum
1411 2436 1525 2482 copiis
1550 2437 1753 2482 Pergamum

273 2484 380 2518 misit.
430 2488 469 2517 ut
501 2485 617 2517 autem
650 2483 785 2516 obsidio
809 2483 924 2516 inanis
949 2487 1049 2525 erat,
1079 2485 1117 2516 ct
1139 2481 1326 2527 Scipiones
1350 2482 1606 2526 adventabant,
1638 2483 1754 2517 statim

273 2531 508 2564 caduceatore
532 2529 635 2562 misso
662 2540 756 2573 spem
782 2529 877 2574 pacis
901 2527 1142 2573 impetrandae
1165 2528 1309 2571 habuit,
1344 2529 1436 2573 quod
1460 2528 1616 2562 Africani
1646 2528 1754 2562 filium

273 2581 414 2620 captum
450 2575 803 2609 honorificentissime
835 2578 1026 2608 tractaret:
1065 2584 1166 2618 quem
1198 2573 1359 2616 tandem,
1402 2574 1560 2620 quamvis
1595 2585 1658 2620 spe
1690 2585 1754 2608 sua

272 2622 486 2664 frustratus,
525 2621 635 2665 gratis
658 2620 802 2657 dimisit.
850 2631 919 2665 quo
944 2620 1056 2654 minus
1079 2624 1195 2653 autem
1220 2631 1290 2664 pax
1312 2620 1436 2664 fieret,
1468 2619 1502 2653 in
1525 2631 1630 2655 causa
1653 2621 1754 2654 fuere

273 2667 508 2710 condiciones,
534 2678 622 2711 quas
646 2665 794 2700 Romani
822 2667 990 2708 tulerant,
1014 2677 1080 2699 non
1107 2668 1288 2710 acceptae.

416 2713 503 2746 Cum
529 2713 571 2746 ad
597 2717 731 2758 tempus
756 2711 987 2757 quievissent,
1011 2711 1162 2756 repetito
1187 2711 1279 2745 bello
1305 2712 1390 2746 haec
1415 2721 1552 2756 pugnae
1568 2710 1659 2745 ratio
1674 2710 1752 2746 fuit.

272 2758 465 2792 Antiochus
492 2759 601 2804 primo
626 2759 702 2794 loco
729 2769 850 2791 currus
874 2757 1060 2802 disposuit,
1090 2757 1238 2793 secundo
1256 2757 1473 2803 elephantos,
1497 2756 1624 2792 deinde
1637 2756 1754 2791 sundi-
