1820 3120
273 129 377 178 458
756 130 986 175 IOANNIS
1014 128 1278 174 ZONARAE

271 250 380 296 παῖ’ς.
447 244 516 287 καὶ
538 240 658 287 ὁπότε
680 241 898 300 κατήνεκτο
922 242 1138 301 κεραυνός,
1172 244 1318 295 λίθους
1341 242 1628 302 ἀντηκόντιζεν,
1661 245 1751 291 ἐπι-

271 314 397 370 λέγων
419 312 492 370 ἐφ’
520 310 675 371 ἑκάστῳ
698 313 745 356 τὸ
769 317 843 356 τοῦ
859 310 1043 369 Ὁμήρου
1060 310 1120 368 “ἤ
1141 312 1193 367 μ’
1219 311 1374 371 ἀνάειρ’
1400 313 1428 370 ἢ
1451 315 1535 371 ἐγὼ
1552 315 1644 359 ‘rest'

402 380 493 422 Ἐπὶ
515 379 675 433 τούτου,
707 379 762 432 ὡς
785 382 982 436 Εὐσέβιος
1005 381 1178 438 ἱστορεῖ,
1208 383 1252 425 ἐκ
1275 386 1356 425 τῶν
1377 382 1452 434 τὰς
1467 382 1750 440 Ὀλυμπιάδας

269 447 597 506 ἀναγραψάντων
633 450 910 502 ἀναλέξασθαι
945 454 1075 492 ταῦτα
1109 451 1247 506 λέγων,
1291 450 1511 502 τοσαύταις
1537 453 1749 510 περιέπεσε

268 523 503 575 συμφοραῖς
528 516 549 559 ὅ
573 518 778 570 Πιλάτος,
813 518 916 561 ὥστε
947 518 1258 574 ἀναγκασθῆναι
1289 518 1437 564 ἑαυτοῦ
1458 521 1649 578 γενέσθαι
1670 522 1781 566 αἵθ-5

66 592 115 627 W
130 590 167 627 11
184 591 251 628 181
273 583 430 644 τόχειρ,
465 590 537 641 τῆς
559 588 675 638 θείας
698 589 812 642 δίκης
832 586 1110 642 μετελθούσης
1132 586 1269 630 αὐτόν.

218 659 250 696 Β
402 652 475 705 Ὡς
500 650 570 697 οὖν
593 654 725 698 πάντα
748 655 898 711 τρόπον
921 658 1145 710 ἐξεμαίνετο
1171 657 1440 714 (ἀπαριθμεῖν
1460 655 1540 713 γὰρ
1562 654 1610 700 τὸ
1637 655 1744 699 καθ’

269 721 437 765 ἕκαστον
469 727 621 777 πολλῆς
655 723 706 766 ἂν
737 725 797 780 εἴη
833 725 978 778 λέσχης
1007 727 1075 766 καὶ
1109 725 1272 780 ἀηδίας)
1306 723 1602 779 ἐπεβούλευσαν
1635 725 1749 784 αὐτῷ

266 789 453 841 Κάσσιός
474 808 517 834 τε
539 793 724 846 Χαιρέας
747 795 812 835 καὶ
834 792 1060 850 Κορνήλιος
1077 797 1267 846 Σαβῖνος.
1303 793 1547 848 συνώμοσαν
1569 792 1644 848 μὲν
1666 793 1746 852 γὰρ

265 860 442 910 πλείονες
463 861 530 902 καὶ
553 860 794 914 συνήδεισαν
817 861 862 904 τὸ
889 860 1167 917 πραττόμενον
1189 865 1254 904 καὶ
1279 863 1318 904 οἱ
1342 865 1429 919 περὶ
1454 862 1577 909 αὐτὸν
1610 860 1803 921 ὅντεςῚΟ

264 929 332 969 καὶ
366 927 454 990 ὅσοι
487 929 532 970 δὲ
566 928 612 970 οὐ
646 929 901 983 συνώμοσαν,
936 929 1094 986 γνόντες
1128 929 1219 973 οὔτ’
1253 931 1448 988 ἐξέφηναν
1479 932 1546 973 καὶ
1578 929 1746 985 ἅσμενοι

265 993 371 1039 εἶδον
395 995 518 1038 αὐτὸν
540 998 910 1052 ἐπιβουλευόμενον.
971 997 1248 1054 ἐπεβουλεύθη
1274 1001 1318 1041 δὲ
1339 999 1444 1042 θέαν
1467 1000 1669 1045 ἐπιτελῶν.
1722 997 1744 1042 ὃ

263 1064 343 1122 γὰρ
367 1065 553 1120 Χαιρέας
584 1067 651 1106 καὶ
685 1065 706 1108 ὁ
732 1070 908 1120 Σαβῖνος
931 1068 992 1109 ἐπὶ
1018 1074 1101 1117 τοῖς
1123 1067 1344 1123 γινομένοις
1368 1069 1551 1124 αἰσχροῖς
1572 1068 1745 1123 ἀλγοῦν-

263 1149 349 1185 τες,
375 1131 487 1186 ὅμως
509 1134 749 1190 ἐκαρτέρουν
773 1137 835 1178 ἐπὶ
860 1136 972 1178 πέντε
997 1133 1164 1190 ἡμέρας.
1200 1133 1256 1186 ὥς
1279 1136 1324 1178 δὲ
1345 1138 1411 1178 καὶ
1435 1135 1558 1188 αὐτὸς
1579 1133 1601 1180 ὃ
1621 1137 1663 1177 Γ
1659 1125 1746 1186 dib}

263 1203 331 1243 καὶ
353 1201 624 1258 ’ὀρχήσασθαι
651 1206 716 1245 καὶ
739 1207 968 1262 τραγῳδίαν
991 1205 1192 1259 ἠθέλησεν
1213 1202 1514 1260 ὑποκρίνασθαι
1522 1236 1536 1256 ,
1571 1206 1638 1247 καὶ
1674 1203 1742 1246 διὰ
1754 1213 1800 1250 15

213 1271 245 1306 C
268 1273 387 1313 τοῦτο
411 1268 550 1327 ἑτέρας
573 1279 679 1326 τρεῖς
701 1270 853 1328 ἡμέρας
876 1269 1133 1329 προήγγειλε,
1169 1271 1416 1329 τηρήσαντες
1439 1273 1562 1316 αὐτὸν
1593 1274 1636 1316 ἐκ
1669 1276 1744 1316 τοῦ

261 1337 444 1395 θεάτρου
480 1338 738 1395 ἐξερχόμενον
773 1343 815 1384 ἐν
852 1346 1043 1398 στενωπῷ
1083 1360 1160 1384 τινι
1199 1341 1456 1398 περιστάντες
1497 1341 1744 1385 ἀπέκτειναν.

260 1408 329 1449 καὶ
364 1405 556 1458 πεσόντος
588 1409 720 1458 οὐδεὶς
752 1414 833 1453 τῶν
865 1408 1077 1465 παρόντων
1109 1410 1330 1463 ἀπέσχετο,
1365 1410 1469 1453 ἀλλὰ
1503 1412 1570 1453 καὶ
1602 1409 1743 1467 νεκρὸν

261 1470 388 1518 αὐτὸν
418 1478 748 1532 κατετίτρωσκον.
817 1480 885 1521 καὶ
908 1478 981 1534 τὴν
1003 1485 1172 1535 γυναῖκα
1196 1479 1323 1522 αὐτοῦ
1345 1481 1413 1522 καὶ
1434 1479 1508 1533 τὴν
1530 1479 1743 1537 θυγατέρα

261 1543 407 1587 αὐτίκα
428 1545 682 1602 ἀπέσφαξαν.
1750 1557 1798 1593 20

354 1694 377 1729 3
402 1692 451 1735 ὥς
473 1696 579 1741 ABG,
605 1693 625 1731 ὃ
650 1697 742 1731 Pw.
867 1694 1059 1743 Εὐσέβιος]
1084 1698 1181 1733 Hist.
1207 1698 1334 1733 eccles.
1357 1698 1380 1732 2
1404 1697 1440 1735 7.
1578 1699 1600 1734 5
1625 1696 1673 1739 ὥς
1694 1699 1739 1734 Α.

351 1740 374 1776 7
399 1737 605 1785 ἐξεμαίνετο
631 1755 683 1776 om
708 1744 752 1777 C.
867 1743 890 1778 9
912 1745 989 1787 καὶ]
1013 1742 1076 1778 καὶ
1100 1741 1120 1779 ὁ
1147 1744 1189 1779 Α.
1307 1745 1352 1778 12
1377 1740 1397 1777 ὅ
1421 1740 1492 1790 γὰρ
1515 1742 1678 1789 Χαιρέας
1693 1765 1740 1770 -

352 1787 398 1821 16
420 1785 636 1833 προήγγειλε
658 1788 818 1835 pleniora
844 1795 928 1824 sunt
952 1801 1053 1837 quam
1077 1790 1115 1825 iu
1139 1789 1262 1825 Dionis
1285 1789 1478 1828 codicibus.
1603 1791 1651 1827 20
1672 1786 1739 1826 ἒπ-

348 1831 515 1877 έσφαξαν
543 1836 586 1868 Α.

258 1971 324 2005 bus
348 1971 489 2015 fulgura
511 1970 676 2015 regessit.
718 1974 840 2004 contra
862 1971 1007 2006 fulmina
1029 1972 1166 2017 lapides
1190 1975 1245 2006 est
1267 1971 1474 2018 eiaculatus,
1495 1971 1581 2007 illud
1604 1972 1736 2008 nomo-

256 2016 368 2051 ricum
391 2016 540 2051 subinde
564 2027 735 2061 usurpans
755 2013 896 2051 “tollito
920 2030 985 2062 me,
1011 2019 1068 2052 vel
1092 2030 1157 2063 ego
1182 2012 1254 2055 te.”

397 2086 471 2119 Sub
496 2085 561 2118 hoc
585 2084 740 2118 Caesare
760 2085 916 2129 Pilatus,
950 2093 990 2120 ut
1013 2086 1191 2120 Eusebius
1214 2096 1258 2120 ex
1283 2085 1528 2130 olympiadum
1553 2087 1738 2133 scriptori-

258 2132 325 2165 bus
349 2131 482 2171 refert,
516 2131 553 2164 in
576 2134 697 2165 tantas
722 2131 939 2166 calamitates
963 2132 1088 2166 incidit
1109 2137 1150 2166 ut
1172 2131 1291 2166 divina
1315 2132 1472 2166 vindicta
1497 2139 1645 2178 urgente
1667 2145 1740 2168 ma—

256 2187 322 2211 nus
346 2176 417 2211 sibi
440 2176 568 2210 afferre
591 2182 792 2222 cogeretur.

395 2246 583 2290 Postquam
607 2245 716 2290 igitur
740 2245 831 2279 omni
855 2245 984 2291 fur-oris
1008 2257 1137 2291 genere
1161 2245 1230 2280 fuit
1251 2244 1404 2291 percitus
1429 2245 1525 2289 (nam
1542 2247 1737 2282 enumerari
1764 2286 1777 2294 ,

257 2289 393 2337 singula
428 2293 503 2325 sine
534 2292 667 2335 magnis
700 2292 801 2336 nugis
836 2303 1027 2337 magnaque
1061 2291 1219 2326 molestia
1252 2303 1319 2326 non
1346 2293 1497 2336 queunt)
1525 2291 1678 2328 insidiati
1703 2293 1735 2327 ei

257 2343 338 2371 sunt
362 2338 505 2372 Cassius
531 2338 694 2371 Chaerea
719 2343 756 2371 et
780 2339 964 2372 Cornelius
988 2339 1154 2372 Sabinus.
1203 2338 1317 2382 plures
1343 2349 1428 2371 vero
1451 2337 1486 2371 in
1512 2349 1588 2372 eum
1613 2339 1735 2374 coniu-

255 2387 398 2425 ramnt,
438 2389 473 2417 et
504 2384 585 2428 quid
619 2390 782 2428 ageretur
814 2386 917 2421 etiam
944 2385 1133 2418 familiares
1159 2383 1232 2417 eins
1255 2395 1322 2417 non
1348 2384 1576 2427 ignorabant3
1612 2391 1650 2419 et
1673 2385 1734 2430 qui

256 2440 323 2462 non
348 2429 585 2471 coniurarent,
610 2441 680 2463 rem
704 2430 914 2464 intellectam
942 2442 1007 2464 nec
1033 2430 1272 2474 prodiderunt,
1296 2434 1332 2462 et
1356 2440 1432 2463 eum
1455 2429 1590 2463 insidiis
1613 2430 1734 2476 appeti

256 2475 347 2509 haud
373 2476 519 2509 moleste
543 2475 709 2509 tulerunt.
757 2481 813 2510 est
838 2481 972 2518 autem,
1004 2477 1082 2510 dum
1106 2475 1338 2519 spectaculum
1364 2477 1507 2517 ederet,
1541 2477 1734 2520 appetitus.

257 2532 334 2555 nam
351 2522 513 2556 Chaerea
537 2528 573 2555 et
597 2521 758 2563 Sabinus,
788 2523 946 2567 quamvis
970 2522 1107 2567 flagitia
1129 2521 1184 2555 illa
1206 2533 1311 2566 aegre
1335 2522 1483 2564 ferrent,
1507 2527 1619 2556 tamen
1635 2522 1734 2568 quin-

258 2577 326 2611 que
351 2567 461 2601 adhuc
485 2567 560 2601 dies
586 2580 623 2602 se
649 2569 909 2603 continuerunt.
957 2574 996 2602 ut
1019 2580 1103 2602 vero
1127 2568 1204 2613 ipse
1230 2568 1342 2601 Gaius
1372 2573 1408 2601 et
1439 2567 1568 2601 saltare
1599 2574 1637 2602 et
1658 2573 1734 2602 tra-

258 2612 412 2656 goediam
438 2625 543 2658 agere
565 2614 697 2657 voluit,
723 2626 834 2659 euque
859 2615 902 2648 de
927 2626 1031 2649 causa
1055 2615 1198 2649 alterum
1222 2613 1375 2648 triduum
1399 2613 1639 2656 denuntiavit,
1672 2615 1735 2648 ob·

257 2664 442 2693 servarunt
465 2660 543 2694 dum
568 2661 706 2695 theatro
733 2661 977 2705 egrederetur,
1014 2667 1051 2694 et
1082 2660 1117 2694 in
1140 2659 1327 2705 angiportu
1352 2660 1498 2704 quodam
1522 2659 1734 2694 circumven—

255 2705 328 2737 tum
354 2705 567 2741 occiderunt.
616 2718 691 2741 cum
727 2706 937 2750 cecidisset,
973 2718 1070 2741 nemo
1095 2705 1154 2750 qui
1180 2707 1303 2740 aderat
1324 2706 1392 2740 sibi
1414 2706 1623 2752 temperavit
1645 2716 1731 2751 quo-

256 2748 369 2783 minus
405 2751 510 2786 etiam
547 2757 718 2788 mortuum
750 2752 1028 2789 convulneraret.
1075 2751 1180 2787 ctiam
1211 2763 1301 2787 uxor
1333 2752 1410 2787 eius
1443 2757 1482 2787 et
1509 2751 1583 2787 filia
1615 2751 1732 2787 statim

257 2799 341 2829 sunt
364 2796 513 2834 occisae.
1178 2800 1187 2805 ”
