1820 3120
265 105 369 153 476
748 64 973 146 lomus
1007 101 1272 146 zomaffl

261 236 342 262 νων
365 215 429 259 ὅτ’
456 211 728 271 ἓμονάρχησεν
760 213 1119 269 (ἑπτακαιδέκατον
1140 215 1219 271 γὰρ
1242 214 1330 266 ἔτος
1350 210 1420 272 ἦγε
1442 213 1532 278 τᾷτε
1555 219 1629 272 τῆς
1647 214 1740 272 ἧλι-

45 294 94 329 W
115 293 153 329 11
176 293 245 329 188
267 287 355 335 κίας
377 284 519 339 αὐτοῦ)
531 315 544 335 ,
579 285 646 325 καὶ
679 281 782 338 μήτε
818 284 1173 340 φιλοπραγματίας
1195 282 1265 334 ὤν,
1300 283 1456 342 ἐτρύφα
1476 285 1545 327 καὶ
1566 283 1649 341 ἤρα
1671 287 1741 328 καὶ

263 352 441 406 ἐκώμαζε
465 353 532 394 καὶ
555 352 727 406 ε’μέθυε,
752 353 818 394 καὶ
841 353 1110 406 μονομαχίαις
1135 354 1202 394 καὶ
1229 352 1515 409 ἱπποδρομίαις
1534 351 1738 408 ἐσχόλαζε.

261 419 548 469 πολυδάπανος
567 420 612 462 δὲ
630 422 695 461 καὶ
718 420 765 461 οὗ
782 418 1023 476 μικρόφρων
1040 415 1102 475 ἦν,
1128 421 1233 463 ἀλλὰ
1248 425 1406 475 μᾶλλον
1423 419 1739 476 ἄσωτωόμενος.

261 487 477 544 τεκμήριον
501 489 567 539 δέ,
601 490 678 530 τινὶ
701 493 780 530 τῶν
803 490 892 544 περὶ
917 488 1041 530 αὐτὸν
1063 488 1308 544 πεντήκοντα
1331 489 1418 544 ἅμα
1441 491 1507 532 καὶ
1528 490 1771 541 ὁιακοσίαςὸ

259 557 465 613 μυριάδας
483 557 676 612 ἀργυρίου
696 558 872 610 δοθῆναι
892 555 1101 608 κελεύσας,
1126 557 1262 612 ἐπειδὴ
1285 556 1311 612 ἦ
1328 558 1565 615 Ἀγριππίνα
1587 557 1739 616 ἀθροί-

261 642 370 668 σασα
404 624 450 668 τὸ
485 623 677 681 ἀργύριον
701 623 868 667 ἐνώπιον
896 625 1020 668 αὐτοῦ
1044 629 1214 680 τεθῆναι
1236 628 1459 681 πεποίηκεν,
1489 627 1550 669 ἵν’
1579 625 1738 684 ἀθρόον

261 694 360 736 ῗδὼν
385 693 483 735 αὐτὸ
507 692 808 747 μεταβάληται,
844 695 974 743 συνεὶς
995 695 1141 745 ἐκεῖνος
1162 693 1280 751 ἤρετο
1305 694 1430 738 πόσον
1452 695 1512 750 εἴη
1535 694 1582 738 τὸ
1605 697 1738 750 κείμε-

207 775 240 810 D
260 769 346 813 νον,
391 763 457 803 καὶ
486 760 638 815 μαθών
664 759 910 817 “flamminea''
944 760 1048 804 εἶπεν
1073 760 1235 819 αὀλίγον
1267 762 1373 806 οὕτω
1403 763 1738 820 κεχαρισμένος”,

262 832 329 873 καὶ
360 832 707 884 διπλασιασθῆναι
740 831 955 873 ἐκέλευσεν.
1023 829 1128 874 οὕτω
1163 832 1208 874 δὲ
1242 831 1344 886 ταχὺ
1376 831 1470 882 τοὺς
1497 832 1736 886 βασιλικοὺς
1748 841 1803 878 1⁰·

263 898 476 953 ἔξήντλησε
499 897 762 954 θησαυρούς,
796 899 899 952 ταχὺ
932 899 976 940 δὲ
1011 898 1148 956 πόρων
1178 888 1332 955 ἐδεήθη
1355 904 1518 952 καινῶν,
1552 901 1621 944 καὶ
1642 901 1737 956 τέλη

263 967 337 1010 οὐκ
363 967 575 1019 εἰθισμένα
598 966 802 1008 πάντοθεν
825 967 1034 1022 ἐξελέγετο.

400 1039 487 1090 Τῆς
521 1035 564 1076 δ’
597 1034 876 1091 Ἀγριππίνης,
910 1035 972 1078 ὅτι
994 1035 1052 1090 μὴ
1078 1035 1363 1092 ἀργυρολογεῖν
1385 1034 1563 1091 ἠδύνατο
1586 1039 1738 1120 φιλαρ-

261 1102 474 1161 γυρωτάτη
499 1120 625 1155 ουσα,
659 1103 898 1159 περιθύμως
921 1104 1201 1160 ὃργισθείσης,
1234 1106 1301 1146 καὶ
1324 1104 1647 1160 ἀπειλησαμένης
1667 1105 1738 1147 τὸν

260 1171 531 1229 Βρεττανικὸν
562 1170 844 1229 αὐτοκράτορα
875 1171 1155 1227 καταστήσειν,
1191 1175 1393 1230 φοβηθεὶς
1425 1171 1446 1215 ὃ
1478 1174 1624 1230 Νέρων
1657 1172 1792 1216 oin-15

261 1241 404 1283 ἔκτεινε
441 1238 647 1297 φαρμάκῳ
685 1239 821 1283 αὐτόν.
890 1243 957 1283 καὶ
994 1239 1015 1283 ὃ
1053 1242 1127 1295 μὲν
1163 1246 1413 1298 παραχρῆμα
1450 1241 1632 1296 ἆπέψυξε
1670 1244 1739 1284 καὶ

262 1308 452 1366 φοράδην
481 1307 535 1359 ὡς
567 1310 782 1363 ἐπίληπτος
812 1308 1095 1363 ἕκκεκόμιστο·
1133 1310 1174 1351 ἐν
1208 1310 1254 1352 δέ
1281 1327 1326 1366 γε
1359 1314 1411 1367 τῇ
1441 1310 1620 1369 ἐκφορᾷ,
1653 1311 1738 1352 ἐπεὶ

260 1378 446 1427 πελιδνὸς
467 1375 545 1420 ὑπὸ
570 1381 643 1419 τοῦ
667 1376 887 1434 φαρμάκου
909 1379 1067 1433 γέγονε,
1097 1376 1220 1435 γύψῳ
1241 1380 1428 1435 χρισθεὶς
1450 1379 1520 1420 διὰ
1544 1382 1615 1432 τῆς
1639 1379 1738 1434 ἀγο-

262 1450 338 1501 ρᾶς
359 1445 497 1501 ηγετο·
532 1443 648 1495 υετὸς
681 1447 724 1487 δὲ
758 1446 884 1496 πολὺς
905 1444 1032 1502 ὑγρᾶς
1057 1446 1113 1488 ε’τι
1136 1450 1209 1500 τῆς
1232 1445 1368 1501 γύψου
1393 1445 1517 1502 ου’σης
1540 1446 1737 1490 ἐπιπεσών

73 1523 103 1556 P
127 1521 146 1558 1
167 1523 236 1560 569
262 1512 425 1557 ἅπασαν
459 1513 584 1568 αυτὴν
618 1514 852 1567 ἀπέκλυσεν,
885 1514 989 1558 ὥστε
1019 1515 1064 1557 τὸ
1098 1514 1226 1557 δεινὸν
1255 1515 1314 1570 μὴ
1349 1513 1476 1570 μόνον
1509 1514 1792 1560 οἷκουεσθαι20
1819 1541 1820 1580 i

258 1583 364 1626 ἀλλὰ
387 1585 454 1626 καὶ
477 1581 673 1639 ὁρᾶσθαι.

399 1733 469 1766 γαρ
493 1733 547 1756 om
574 1722 618 1758 C.
805 1721 827 1754 2
851 1719 941 1776 μήτε
965 1722 1050 1765 etc.]
1078 1717 1161 1756 οὔτ’
1184 1717 1305 1763 ἄλλως
1326 1722 1652 1779 φιλοπραγματίας
1674 1714 1733 1768 ἦν,

349 1769 414 1803 καὶ
437 1766 580 1823 ἔχαιρεν
604 1765 643 1801 ἐν
667 1763 835 1814 ῥ’ᾳστώνῃ
861 1765 1000 1811 διάγων
1025 1768 1235 1812 xiphilinus.
1416 1768 1461 1803 13
1481 1765 1547 1814 μὴ]
1571 1765 1666 1823 μηδὲ
1689 1769 1734 1803 A.

352 1813 398 1846 14
419 1811 638 1868 περιθύμων
663 1814 703 1847 Α.
843 1812 907 1847 καὶ
931 1825 983 1847 om
1007 1814 1049 1849 A.
1190 1813 1235 1849 18
1255 1810 1360 1860 ’ψύγφ
1384 1818 1421 1849 et
1443 1826 1523 1849 mox
1544 1811 1667 1860 ’ψύγου
1690 1814 1733 1853 C.

352 1860 399 1892 20
423 1856 540 1903 αὐτὴν
567 1862 598 1894 Α
624 1859 837 1905 xiphilinus,
862 1858 1005 1904 ἐκείνην
1028 1860 1119 1894 PW.

257 1994 371 2018 rerum
397 1982 578 2028 potiretur,
612 1983 792 2016 admodum
816 1982 1023 2016 adolescens
1047 1983 1174 2025 (annos
1201 1982 1291 2017 enim
1315 1983 1386 2018 tuffi
1407 1982 1644 2028 septendecim
1672 1983 1736 2018 ha-

257 2030 382 2071 bebat)
407 2034 444 2062 et
467 2029 532 2062 otii
554 2040 656 2074 quam
681 2028 813 2073 negotii
837 2029 1028 2071 amantior,
1053 2029 1260 2073 indulgebat
1280 2029 1404 2074 genio,
1429 2029 1586 2073 amabat,
1610 2030 1734 2064 comis-

259 2077 415 2117 sabatur,
441 2075 607 2119 potabat,
631 2075 720 2108 ludis
744 2074 965 2119 gladiatoriis
991 2080 1026 2108 et
1051 2075 1264 2109 circensibus
1287 2076 1459 2118 vacabat,
1495 2086 1563 2108 non
1591 2075 1733 2120 angusti

257 2121 361 2155 animi
393 2120 494 2154 homo
527 2122 589 2154 sed
622 2126 842 2175 sumptuosus
870 2132 910 2154 ac
940 2120 1055 2165 potius
1089 2122 1268 2165 prodigus.
1316 2122 1414 2155 cuius
1442 2121 1495 2154 vel
1518 2120 1602 2154 illud
1627 2133 1733 2166 argu-

257 2172 408 2202 mentum
433 2171 501 2209 est,
525 2167 617 2210 quod
642 2167 699 2200 uni
725 2178 767 2200 ex
791 2167 969 2200 sodalibus
994 2166 1048 2200 bis
1072 2167 1184 2200 milies
1208 2172 1244 2201 et
1266 2166 1485 2220 quingenties
1500 2166 1592 2200 mille
1611 2167 1735 2201 drach-

258 2223 330 2247 mas
355 2213 493 2257 argenti
517 2212 617 2246 sim-11
640 2213 715 2245 dari
740 2213 863 2247 iussit·
889 2223 963 2246 cum
991 2224 1074 2246 vero
1098 2213 1293 2258 Agrippina
1317 2212 1502 2266 pecuniam
1518 2220 1675 2247 coactam
1699 2213 1734 2247 ei

257 2259 516 2304 proponendam
544 2263 719 2300 curasset,
754 2266 791 2292 ut
817 2264 914 2292 tanta
946 2269 1076 2292 summa
1105 2259 1181 2292 visa
1210 2263 1358 2293 mutaret
1381 2257 1578 2300 consilium,
1600 2259 1669 2292 ille
1693 2269 1735 2299 re
1774 2288 1779 2297 ,

257 2305 439 2338 intellecta
463 2304 603 2348 rogavit
628 2309 791 2360 quantum
817 2309 911 2338 esset
936 2304 989 2338 id.
1015 2316 1088 2338 cum
1113 2304 1310 2346 didicisset,
1331 2300 1352 2314 “
1363 2284 1594 2349 ignorabam”
1618 2303 1735 2349 inquit

255 2347 333 2383 “me
358 2354 427 2384 tam
455 2362 572 2394 parum
598 2346 773 2383 donasse’'
777 2377 786 2393 ‚
819 2362 860 2383 ac
893 2361 1053 2383 summam
1089 2350 1278 2404 duplicari
1290 2350 1404 2384 iussit.
1452 2361 1494 2382 eo
1519 2354 1621 2394 pacto
1646 2350 1732 2384 fisco

258 2395 422 2430 celeriter
443 2396 612 2430 exhausto
637 2396 801 2429 celeriter
826 2395 926 2429 novis
950 2396 1130 2431 faciendae
1155 2395 1323 2442 pecuniae
1345 2395 1536 2430 rationibus
1550 2395 1617 2429 fuit
1631 2406 1734 2442 opus.

255 2443 376 2487 itaque
400 2442 539 2476 insolita
564 2442 750 2485 vectigalia
776 2442 889 2475 ubivis
913 2442 1046 2496 exegit.

396 2488 590 2533 Agrippina
614 2499 712 2528 vero,
736 2492 775 2521 ut
798 2493 877 2521 erat
900 2487 1115 2530 avarissima,
1138 2486 1361 2521 vehementer
1383 2485 1591 2532 indignante
1614 2495 1734 2520 corra-

257 2533 392 2567 dendae
415 2534 483 2567 sibi
506 2533 677 2579 pecuniae
700 2534 892 2578 ademptam
918 2533 1151 2571 occasionem
1186 2538 1222 2568 et
1255 2532 1457 2567 comminata
1490 2543 1530 2566 se
1552 2532 1731 2566 Britanni-

258 2591 334 2612 cum
358 2579 600 2624 imperatorem
622 2580 806 2622 facturam,
833 2581 929 2614 Nero
953 2579 1097 2614 territus
1121 2579 1212 2612 illum
1237 2590 1374 2612 veneno
1398 2578 1554 2612 sustulit.
1576 2578 1637 2623 qui
1654 2589 1730 2612 cum

257 2625 372 2658 statim
397 2626 600 2669 diriguisset
623 2631 659 2659 et
680 2637 744 2671 pro
769 2625 957 2670 epileptico
985 2625 1188 2668 efferretur,
1214 2636 1290 2659 cum
1313 2625 1444 2659 livores
1466 2634 1511 2657 ex
1533 2634 1669 2657 veneno
1692 2623 1729 2657 in

257 2681 406 2713 corpore
429 2676 660 2715 apparerent,
684 2683 798 2716 gypso
823 2671 983 2705 inunctus
1007 2683 1071 2716 per
1092 2672 1204 2704 forum
1227 2672 1444 2715 gestabatur.
1491 2669 1527 2703 id
1552 2669 1663 2703 adbuc
1685 2669 1728 2703 li-

258 2714 399 2760 quidum
424 2717 548 2760 ingens
572 2717 690 2762 pluvia
715 2728 856 2762 prorsus
879 2717 1046 2762 detersit,
1081 2721 1120 2751 ut
1142 2716 1276 2751 facinus
1300 2728 1369 2751 non
1392 2718 1524 2750 tantum
1547 2715 1731 2750 audiretur

258 2761 320 2796 sed
344 2761 447 2796 etiam
471 2762 578 2796 oculis
603 2767 817 2798 cerneretur.
