1820 3120
274 116 368 164 152
743 117 967 162 IOANNIS
991 118 1247 162 ZONARAE

270 232 311 281 ἐξ
334 229 515 286 ἀπειρίας
537 233 617 272 τῶν
639 236 832 275 ναυτικῶν
853 230 1135 286 βλάπτεσθαι,
1176 236 1248 286 τῆς
1268 232 1341 285 μὲν
1363 230 1487 286 ἄλλης
1509 228 1725 287 θαλάσσης

270 298 491 352 ἀπέχεσθαι
515 298 787 356 ἐψηφίσαντο,
822 302 938 344 ναυσὶ
972 301 1013 342 δ’
1051 300 1202 355 ὀλίγαις
1232 299 1305 354 τὴν
1332 297 1500 343 Ἰταλίαν
1533 306 1723 358 φρουρεῖν

268 363 574 422 παρεσκεύαζον.

404 437 478 491 Τῷ
512 433 554 475 δ’
593 434 849 492 ε’πιγενομένῳ
893 433 968 476 ἔτει
1005 433 1214 484 Πούπλιος
1252 432 1375 484 Γάϊος
1414 435 1480 476 καὶ
1506 431 1725 491 -Λῦρήλιος

267 503 499 558 Σερουΐλιος
533 503 573 552 ἐς
603 502 676 557 τὴν
700 503 883 545 Σικελίαν
916 497 1060 556 ἦλθον,
1096 503 1163 543 καὶ
1194 500 1298 543 ἄλλα
1330 501 1375 544 τέ
1394 518 1483 544 τινα
1512 501 1755 558 κατεπρέ-Ξι

267 581 400 622 ψαντο
419 571 486 611 καὶ
502 567 680 627 Ἱμέραν·
717 569 763 612 οὗ
787 570 922 623 μέντοι
944 570 1033 611 τινὰ
1057 570 1245 624 συνέσχον
1267 573 1347 612 τῶν
1370 571 1411 612 ἔν
1433 568 1557 626 αὗτῇῗ
1583 569 1726 619 νυκτὸς

217 644 248 678 Β
270 636 347 694 γὰρ
371 636 518 688 αὖτοὺς
540 638 578 680 οἱ
601 635 875 694 Καρχηδόνιοι
899 635 1143 690 ἐξεκόμισαν.
1187 638 1290 691 μετὰ
1313 637 1357 679 δὲ
1377 641 1496 680 τοῦτο
1517 634 1727 698 Λιξρήλιος

267 708 367 755 ναῦς
398 722 440 749 τε
472 705 582 762 παρὰ
608 704 785 761 Ἱέρωνος
816 702 1011 761 εἲληφώς,
1056 707 1122 746 καὶ
1154 702 1240 747 ὅσοι
1273 709 1352 747 τῶν
1378 695 1594 759 εΡωμαίων
1616 699 1727 760 ἦσαν

268 773 352 815 ἐκεῖ
369 771 715 829 συμπαραλαβών,
749 771 934 815 ἔπλευσεν
959 774 1012 822 εἷς
1033 771 1245 829 Λιπάραν,
1281 774 1348 815 καὶ
1381 775 1421 815 ἓν
1446 773 1549 830 αὐτῇ
1563 767 1728 830 ’χιλίαρὴ

263 857 338 894 χον
372 838 543 882 Κύϊντον
574 839 757 884 Κάσσιον
783 841 1025 892 ,καταλιπὼν
1065 835 1410 898 προσεδρεύσοντα
1448 838 1582 895 μάχης
1616 839 1724 892 ἄνευ,
1735 849 1782 885 10

266 907 418 964 ἀπῆρεν
441 908 588 950 οἴκαδε.
658 907 829 958 Κύϊντος
853 910 897 950 δὲ
917 908 975 963 μὴ
1001 910 1218 965 φροντίσας
1239 913 1311 963 τῆς
1333 910 1492 964 ἐντολῆς
1515 908 1727 965 προσέμιξε

267 978 318 1031 τῇ
339 973 450 1016 πόλει
473 977 539 1017 καὶ
562 975 736 1026 πολλοὺς
759 975 970 1029 ἀπέβαλεν.
1040 974 1060 1017 5
1089 977 1224 1030 μέντοι
1248 975 1455 1034 Αὐρήλιος
1475 975 1578 1031 μετὰ
1598 980 1728 1019 ταῦτα

266 1043 437 1092 ἐκείνους
476 1041 577 1085 ἕλών
616 1041 768 1094 πάντας
807 1043 1007 1086 ἀπέκτεινε
1048 1046 1114 1085 καὶ
1156 1044 1224 1087 τὸν
1265 1042 1448 1088 Κάσσιον
1488 1047 1560 1098 τῆς
1600 1044 1729 1101 ἀρχῆς

268 1108 428 1153 ἴπαυσε.

75 1181 121 1215 W
142 1180 178 1216 Π
201 1181 245 1218 61
403 1175 676 1234 Καρχηδόνιοι
702 1179 745 1220 δὲ
767 1178 818 1220 τὰ
843 1175 1014 1229 δόξαντα
1036 1184 1119 1228 τοῖς
1141 1176 1361 1232 εΡωμαίοις
1383 1179 1472 1235 περὶ
1494 1181 1567 1221 τοῦ
1588 1195 1726 1234 ναυτι-
1736 1190 1781 1224 15

10 1252 13 1255 “
268 1251 342 1288 κοῦ
380 1244 607 1300 μαθόντες,
661 1245 847 1301 ἔπεμψαν
891 1248 944 1296 εἷς
976 1247 1181 1298 Σικελίαν,
1229 1251 1364 1290 πᾶσαν
1401 1241 1598 1296 ὑποτάξαι
1637 1244 1728 1289 τότε

267 1314 507 1364 ἐλπίσαντες.
577 1315 643 1355 καὶ
678 1315 751 1364 ἕως
780 1315 854 1368 μὲν
886 1314 1011 1371 ἄμφω
1045 1319 1232 1371 παρῆσαν
1267 1315 1305 1357 οἳ
1338 1313 1484 1357 ὕπατοι
1519 1315 1728 1365 Καικίλιος

216 1389 247 1424 C
271 1383 480 1432 Μέτελλος
503 1383 569 1423 καὶ
592 1379 716 1431 Γάϊος
741 1380 938 1437 Φούριος,
971 1382 1165 1439 ἠρέμουν·
1203 1380 1257 1431 ὥς
1281 1383 1325 1424 δὲ
1347 1383 1448 1439 πρὸς
1472 1382 1545 1437 τὴν
1563 1379 1727 1437 Ῥώμην

269 1453 420 1507 ἀπῆρεν
460 1447 480 1491 5
518 1447 713 1506 Φούριος,
765 1446 1068 1506 κατεφρόνησαν
1098 1454 1171 1492 τοῦ
1204 1451 1416 1493 Μετέλλου
1447 1452 1514 1492 καὶ
1547 1449 1648 1507 πρὸς
1678 1450 1723 1493 τό

268 1516 491 1574 Πάνορμον
523 1511 666 1572 ἦλθον.
735 1515 756 1559 5
789 1519 834 1560 δὲ
864 1518 1072 1567 Μέτελλος
1106 1516 1385 1568 κατασκόπους
1414 1519 1547 1560 ἐλθεῖν
1576 1517 1783 1572 μαθῶν20

270 1587 313 1627 ἐκ
336 1590 414 1629 τῶν
437 1587 648 1640 πολεμίων,
677 1584 845 1642 ἤθροισε
880 1586 974 1636 τοὺς
1004 1587 1044 1628 ἓν
1075 1591 1125 1642 τῇ
1157 1585 1268 1628 πόλει
1291 1585 1466 1638 πάντας,
1500 1587 1567 1629 καὶ
1591 1587 1727 1629 διαλε-

362 1727 382 1760 1
406 1726 479 1759 τῶν
502 1725 704 1768 ναυτικῶν]
741 1722 783 1759 τὸ
815 1721 992 1759 ναυτικὸν
1021 1725 1098 1759 ΑΟ.
1235 1726 1258 1760 3
1280 1722 1552 1770 παρεσκεύαζον
1573 1737 1628 1761 om
1652 1725 1726 1761 AB.

358 1772 383 1806 4
405 1771 504 1805 immo
529 1767 643 1810 Γάϊος
663 1767 840 1813 Αὐρήλιος
862 1768 925 1805 καὶ
948 1768 1135 1810 Πούπλιος
1156 1770 1389 1815 Σερουΐλιος,
1424 1772 1504 1815 vel,
1534 1775 1575 1806 ut
1593 1783 1633 1816 p.
1659 1772 1728 1808 159

360 1829 395 1852 v.
421 1818 461 1859 1,
497 1812 673 1860 Αὐρήλιος
705 1815 822 1855 Γάϊος
851 1814 915 1850 καὶ
946 1815 1160 1859 Σερουΐλιος
1194 1816 1396 1855 Πούπλιος.
1532 1815 1555 1851 9
1576 1815 1728 1852 κύϊντου

358 1862 548 1907 χιλίαρχον
571 1862 677 1896 ABC.
861 1861 906 1895 10
927 1858 1242 1904 προσεδρεύσοντα
1266 1862 1294 1895 Β
1308 1888 1318 1906 ,
1341 1858 1659 1907 προσεδρεύσαντα
1681 1864 1728 1907 A,

358 1904 654 1950 προσεδρεύοντα
678 1907 767 1943 PW.
907 1907 950 1940 15
974 1903 1020 1941 τὰ
1043 1903 1206 1948 δόξαντα
1236 1919 1290 1941 om
1312 1907 1356 1943 A.
1493 1908 1539 1944 17
1561 1905 1729 1943 ἐλπίσαν-

359 1963 419 1991 τες
440 1951 552 1993 ABC,
577 1948 779 1993 ἐλπίζοντες
801 1952 890 1990 PW.
1012 1950 1076 1986 καὶ
1097 1952 1232 1993 κίλλιος
1254 1953 1359 1989 ABG.
1482 1953 1528 1988 18
1550 1951 1728 1999 φρούριος

361 1997 454 2032 ABC
478 2002 516 2032 et
536 1998 709 2042 Ducangii
731 1997 868 2033 codices
891 1999 966 2032 fere
988 1998 1129 2043 ubique.

269 2121 474 2155 detrimenta
503 2121 562 2154 illa
593 2132 636 2154 ex
666 2121 717 2154 rei
741 2122 876 2155 navalis
899 2121 1071 2166 imperitia
1094 2122 1192 2166 capi,
1225 2119 1360 2166 reliquo
1383 2120 1468 2155 mari
1491 2119 1669 2155 abstinere
1691 2125 1727 2156 et

267 2166 403 2202 Italiam
426 2166 595 2200 duntaxat
618 2167 736 2212 paucis
759 2167 853 2201 tueri
876 2168 1023 2201 navibus
1045 2167 1285 2201 decreverunt.

405 2211 502 2245 Anno
526 2213 683 2256 sequenti
704 2213 744 2246 P.
769 2213 881 2246 Gaius
906 2218 941 2246 et
962 2212 1120 2246 Aurelius
1145 2212 1316 2246 Servilius
1339 2211 1375 2244 in
1401 2210 1557 2247 Siciliam
1579 2212 1730 2257 profecti

270 2268 345 2291 cum
368 2257 436 2291 alia
460 2257 534 2291 loca
556 2261 627 2291 tum
648 2258 822 2292 Himeram
839 2257 1019 2303 'ceperunt‚
1042 2258 1103 2291 sed
1127 2269 1269 2292 vacuam
1295 2257 1443 2300 civibus,
1467 2268 1554 2302 quos
1580 2257 1731 2291 Cartha—

269 2303 442 2348 ginienses
475 2306 581 2336 noctu
619 2308 849 2348 asportarant.
897 2309 977 2350 post
1008 2304 1093 2337 haec
1122 2303 1282 2337 Aurelius
1317 2302 1462 2336 navibus
1495 2303 1539 2336 ab
1571 2302 1728 2336 Hierone

270 2348 443 2393 acceptis,
478 2352 514 2381 et
536 2348 696 2382 Romanis
729 2350 884 2384 omnibus
918 2350 977 2394 qui
1009 2349 1177 2382 ininsula
1201 2352 1302 2382 erant
1325 2348 1530 2393 assumptis,
1566 2348 1729 2394 Liparum

271 2394 429 2434 traiecit3
462 2394 582 2439 ibique
606 2394 651 2434 Q.
677 2395 799 2429 Cassio
826 2395 965 2428 tribuno
989 2394 1131 2428 militurn
1153 2394 1296 2435 relicto,
1332 2394 1392 2438 qui
1416 2405 1490 2427 eam
1514 2393 1589 2427 sine
1610 2404 1729 2439 pugna

270 2440 469 2483 obsideret,
495 2439 628 2473 domum
654 2441 767 2476 rediit.
815 2441 874 2475 sed
900 2441 1053 2482 Quintus
1075 2441 1232 2474 mandato
1257 2439 1404 2473 consulis
1429 2438 1586 2484 neglecto
1610 2440 1729 2474 urbem

271 2497 456 2530 aggressus
481 2485 603 2519 multos
628 2487 754 2520 amisit.
803 2498 871 2531 qua
896 2486 1020 2520 deinde
1043 2485 1202 2520 Aurelius
1227 2491 1424 2530 expugnata
1448 2496 1564 2519 omnes
1588 2484 1729 2528 occid-it,

271 2537 309 2564 et
332 2531 456 2564 Cassio
480 2531 718 2574 magistratum
742 2532 941 2576 abrogavit.

409 2576 735 2621 Carthaginienses,
769 2576 909 2611 decreto
931 2577 1156 2610 Romanorum
1181 2576 1222 2609 de
1246 2587 1284 2609 re
1307 2575 1424 2609 navali
1447 2574 1604 2620 cognito,
1639 2574 1727 2608 clas-

273 2632 344 2654 sem
368 2632 430 2666 spe
453 2622 559 2656 totius
585 2622 726 2656 Siciliae
749 2625 907 2666 potiundi
930 2623 1106 2656 miserunt.
1155 2633 1195 2655 ac
1221 2622 1299 2655 dum
1332 2622 1430 2655 ambo
1455 2620 1610 2654 consules
1636 2620 1727 2654 Cae-

272 2667 372 2700 cilius
386 2667 548 2702 Metellus
566 2671 603 2701 et
618 2668 659 2703 C.
675 2669 802 2702 Furius
821 2670 976 2711 aderant,
1002 2668 1227 2712 quieverunt:
1252 2667 1313 2701 sed
1338 2679 1413 2702 cum
1436 2665 1563 2700 Furius
1585 2665 1728 2699 Romam

273 2712 432 2756 redisset,
458 2714 598 2747 Metello
621 2718 816 2759 contempto
842 2715 885 2748 ad
909 2715 1110 2748 Panormum
1136 2717 1365 2748 accesserunt.
1389 2711 1562 2754 Metellus,
1587 2710 1728 2756 cognita

275 2757 527 2804 exploratorum
547 2759 755 2804 praesentia,
781 2761 934 2796 omnibus
959 2759 1018 2805 qui
1042 2759 1077 2792 in
1103 2760 1188 2792 urbe
1211 2762 1314 2793 erant
1334 2758 1535 2792 convocatis
1557 2768 1621 2802 pro
1644 2768 1727 2791 con-
