1794 3120
608 88 890 132 ANNALIUM
924 89 1009 132 VH
1042 91 1080 132 9.
1510 91 1576 136 33

451 139 461 158 0

117 201 302 260 φέροντο.
358 201 434 245 κᾶν
454 200 585 262 τούτῳ
606 205 782 257 Σαβῖνος
804 201 906 260 ἀνὴρ
926 205 1029 256 βοῦν
1049 195 1119 258 ἦγε
1143 207 1361 260 περικαλλῆ
1383 203 1483 263 πρὸς
1504 206 1576 262 τὴν

110 266 282 325 Ῥώμην,
317 267 372 321 ὥς
401 269 445 314 ἴκ
474 287 581 322 τινος
606 275 797 328 χρησμοῦ
824 269 968 314 θύσων
990 269 1115 325 αὐτὴν
1137 275 1189 328 τῇ
1203 270 1417 328 Ἀρτέμιδι.
1485 271 1507 316 ὅ
1532 275 1577 317 δὲ

20 330 46 404 J
111 338 298 395 χρησμὸς
334 338 404 382 τὸν
444 340 592 395 ἐκείνην
632 339 819 384 θύσαντα
856 338 963 395 ἔλεγε
1000 338 1072 394 τὴν
1111 341 1286 396 πατρίδα
1328 339 1576 398 ἔπαυξήσειν.

16 459 38 476 -„
115 410 234 449 τοῦτο
258 406 306 449 δέ
325 425 386 459 τις
409 412 489 451 τῶν
504 405 712 462 Ῥωμαίων
732 407 882 462 μαθὼν
904 410 1136 465 προσῆλθεν
1159 408 1271 467 αὐτῷ
1292 410 1358 450 καὶ
1384 404 1587 468 πρότερον

16 476 46 522 i'f'*
82 471 199 520 scine
229 476 312 518 δεῖν
344 477 386 518 ἓν
406 480 466 535 τῷ
487 481 657 535 ποταμῷ
679 474 922 532 ἂγνισθῆναι
934 508 948 528 ,
982 477 1050 518 καὶ
1074 475 1194 518 εἳπών
1216 475 1366 530 ἔπεισε,
1401 480 1468 520 καὶ
1491 481 1574 521 πεί-

28 539 31 546 *
114 559 192 594 σας
212 542 332 598 ἔλαβε.
355 543 428 600 τὴν
448 549 550 599 βοῦν
571 543 627 596 ὡς
650 544 852 602 φυλάξων,
887 546 953 587 καὶ
985 543 1123 597 λαβὼν
1153 543 1310 588 ἴθυσεν.
1378 544 1579 602 ἐκφήναν-

113 628 185 662 τος
205 612 250 654 δὲ
272 617 345 656 τοῦ
367 614 548 666 Σαβίνου
571 613 616 656 τὸ
643 611 776 669 λόγιον
801 613 839 656 οἶ
860 614 1039 656 Λατῖνοι
1063 615 1129 655 καὶ
1153 617 1225 668 τῆς
1246 618 1319 658 τοῦ
1343 613 1453 671 ἶεροῦ
1477 631 1579 672 προ-

114 681 283 730 στασίας
322 687 408 732 τοῖς
444 679 657 736 Ῥωμαίοις
688 683 902 737 ἐξέστησαν
934 683 1000 724 καὶ
1033 675 1235 732 ἒς·τᾶλλα
1266 679 1322 733 ὥς
1352 683 1581 740 κρείττονας

24 799 27 801 ,
113 752 230 806 σφῶν
251 749 397 803 ἐτίμων
418 748 578 801 αὐτούς.
1598 761 1629 795 D

22 828 35 874 ’ᾖ
58 824 105 860 10
249 818 333 859 Καὶ
361 821 491 861 ταῦτα
518 818 592 872 μὲν
615 816 763 869 οὕτως·
799 816 820 861 ὃ
849 815 1046 869 Τούλλιος
1069 819 1114 861 δὲ
1135 824 1221 869 τοῖς
1245 819 1485 876 Ταρκυνίοις
1506 820 1581 870 τὰς

109 884 342 943 θυγατέρας
363 884 577 944 συνῴκισε,
620 888 686 928 καὶ
709 888 784 942 τὴν
802 889 1016 940 ’βασιλείαν
1049 887 1185 937 αὐτοῖς
1207 885 1433 930 ἀποδώσειν
1456 889 1581 944 ἐπαγ-

109 951 340 1010 γειλάμενος
363 953 505 998 ἄλλοτε
529 955 629 998 ἄλλο
652 973 690 997 τι
713 954 1061 1011 προφασιζόμενος
1085 954 1337 1008 ἀνεβάλλετο.
1385 955 1424 998 οἳ
1446 957 1490 998 δὲ
1509 957 1580 999 οὗ·-

111 1022 178 1064 δέν
200 1020 306 1078 ὑγιὲς
328 1021 548 1080 ἐφρόνουν,
573 1022 678 1067 ἀλλὰ
703 1022 909 1078 ἤχθοντο.--
967 1021 988 1067 ὃ
1013 1025 1038 1065 δ
1045 1023 1057 1038 '
1077 1025 1119 1065 ἐν
1137 1023 1267 1066 οὐδενὶ
1288 1022 1392 1081 λόγῳ
1410 1022 1578 1075 τούτους

111 1092 326 1146 πεποίητο,
368 1093 435 1133 καὶ
467 1091 563 1143 τοὺς
579 1090 812 1145 “Ρωμαιόυς
842 1090 944 1148 πρὸς
975 1090 1020 1133 τὸ
1057 1092 1352 1147 δημοκρατικὸν
1374 1092 1485 1147 ἐνῆγε
1509 1095 1577 1134 καὶ

56 1169 101 1205 15
113 1158 158 1201 τὸ
179 1156 405 1216 ἐλεύθερον.
461 1158 518 1202 ἔτι
542 1161 587 1203 δὲ
606 1163 763 1214 μᾶλλον
793 1160 856 1201 ἐπὶ
878 1157 1034 1209 τούτοις
1054 1157 1257 1214 ἤσχαλλον
1280 1159 1318 1202 οἱ
1344 1157 1578 1216 Ταρκύνιοι.

111 1227 205 1270 ἀλλ’
230 1225 252 1270 ὃ
273 1227 348 1282 μὲν
369 1225 581 1286 νεώτερος,
615 1227 692 1270 κᾶν
716 1227 970 1282 ἐχαλέπαινεν
977 1259 990 1279 ,
1026 1225 1178 1283 ἴφερεν,
1213 1231 1270 1286 τῷ
1296 1227 1342 1270 δὲ
1363 1232 1421 1286 τῷ
1437 1226 1576 1286 χρόνῳ

107 1293 325 1353 προήκοντι
359 1295 489 1340 οὗκὲτι
519 1301 591 1340 τοῦ
626 1297 829 1339 Τουλλιόυ
861 1294 988 1338 ε’δόκει
1016 1295 1244 1350 ἀνέχεσθαι.
1323 1296 1404 1338 ε’πεὶ
1437 1297 1482 1338 δὲ
1516 1296 1576 1352 μὴ

109 1366 430 1408 συνευδοκοῦσαν
451 1363 607 1423 εὕρισκε.
629 1363 703 1420 τὴν
725 1370 893 1420 γυναῖκα
916 1366 982 1407 καὶ
1006 1363 1075 1406 τὸν
1098 1361 1324 1418 ὁμαίμονα,
1359 1364 1482 1415 αὐτὸς
1503 1366 1577 1420 μὲν

107 1432 181 1487 τήν
202 1439 390 1488 γυναῖκα,
425 1433 494 1476 τὸν
517 1435 542 1476 δ
548 1434 561 1450 ’
588 1432 765 1491 ἀδελφὸν
787 1433 857 1476 διὰ
879 1437 951 1488 τῆς
967 1432 1153 1490 γυναικὸς
1172 1434 1321 1475 ἐκείνου
1338 1431 1572 1490 φαρμάκοις
1593 1445 1623 1480 Ρ
1646 1444 1664 1480 1
1686 1444 1756 1480 329

23 1533 29 1549 ι,
52 1501 254 1554 Ξθᾶνεῖλε,
286 1503 354 1544 καὶ
377 1505 602 1561 συναφθεὶς
626 1506 677 1560 τῇ
698 1500 872 1561 συνεύνῳ
895 1507 967 1544 τοῦ
991 1501 1184 1559 ἀδελφοῦ,
1206 1505 1266 1560 τῷ
1289 1503 1476 1561 Τουλλίῳ
1501 1502 1575 1545 σὺν

111 1570 215 1627 αὐτῇ
234 1567 483 1624 ἐπεβούλευε.
552 1573 619 1614 καὶ
641 1570 816 1621 πολλοὺς
836 1575 917 1614 τῶν
939 1588 980 1614 τε
1002 1573 1232 1624 βουλευτῶν
1254 1571 1321 1612 καὶ
1346 1574 1426 1613 τῶν
1449 1570 1574 1613 εὔπα-

107 1641 257 1696 τριδῶν
289 1640 419 1691 αἰτίας
442 1639 605 1696 ἴχοντας
627 1639 731 1683 κατὰ
753 1644 825 1682 τοῦ
853 1641 1053 1682 Τουλλίου
1075 1640 1216 1690 πείσας
1237 1636 1501 1695 συνάρασθαί
1521 1640 1572 1691 οἱ,

202 1747 226 1785 7
247 1746 439 1794 Σαβίνου]
462 1746 612 1782 λατίνου
634 1747 676 1785 Β.
836 1745 921 1794 καὶ]
943 1742 984 1782 ἐκ
1007 1748 1051 1782 Α.
1214 1745 1239 1781 8
1261 1745 1455 1789 κρείττονα
1479 1746 1573 1784 PW.

200 1795 245 1829 11
270 1791 574 1839 ἐπαγγειλάμενος
596 1793 647 1836 Α,
681 1790 985 1838 ἐπαγγελλόμενος
1005 1793 1096 1828 PW.
1282 1792 1325 1828 16
1352 1793 1406 1839 τῷ
1428 1791 1573 1827 alterum

200 1840 270 1875 add
292 1839 365 1878 AB.
530 1839 573 1874 19
597 1836 663 1874 τὸν
695 1835 741 1874 δ’
773 1837 941 1884 ἀδελφὸν
969 1859 1008 1865 -
1035 1835 1158 1874 α’νεῖλε
1190 1850 1210 1872 e
1241 1838 1364 1873 Dionis
1395 1838 1484 1873 libro
1519 1850 1575 1872 se-

202 1886 334 1929 cundo,
363 1885 511 1919 Bekkeri
530 1885 662 1921 Anecd.
686 1897 721 1931 p.
751 1885 818 1922 139
842 1897 878 1920 v.
906 1885 960 1922 17,
1144 1885 1190 1920 20
1212 1880 1358 1928 οένεῖλε]
1381 1882 1574 1928 διέφθειρε

201 1933 280 1967 AB:
302 1931 370 1966 Dio
392 1926 636 1976 ἐξειργάσατο.

109 2027 278 2061 facerent.
303 2024 364 2060 sed
387 2034 463 2057 cum
489 2022 533 2057 de
557 2021 712 2057 antistite
735 2021 975 2057 controversia
1000 2026 1104 2066 esset,
1128 2020 1279 2055 Sabinus
1297 2019 1435 2067 quidam
1451 2021 1574 2054 bovem

108 2071 278 2116 insignem
301 2081 347 2104 ex
369 2068 510 2104 oraculo
531 2069 666 2102 Dianae
687 2069 922 2103 immolaturus
945 2067 1102 2102 adduxit.
1141 2067 1340 2101 cecinerant
1355 2066 1442 2100 enim
1459 2069 1574 2109 vates,

110 2117 171 2162 qui
194 2129 268 2151 eam
290 2116 516 2157 immolasset,
554 2115 690 2160 patriae
721 2126 806 2149 suae
836 2126 919 2159 opes
951 2118 1130 2148 aucturum
1165 2124 1254 2147 esse.
1303 2123 1372 2157 quo
1395 2111 1575 2146 Romanus

109 2163 249 2209 quidam
273 2162 412 2207 cognito
434 2161 484 2196 illi
506 2160 683 2206 persuasit
705 2168 744 2196 ut
768 2160 850 2195 vivo
872 2161 970 2206 prius
994 2159 1132 2194 flumine
1155 2159 1443 2205 perfunderetur,
1469 2161 1575 2202 atque

109 2209 185 2256 ipse
208 2208 347 2243 interim
372 2211 549 2252 acceptam
573 2208 707 2250 bovem,
741 2212 905 2251 tanquam
930 2210 1186 2247 asservaturus,
1210 2204 1387 2240 mactavit.
1435 2203 1575 2237 oraculo

109 2255 252 2300 vulgato
275 2254 393 2289 Latini
414 2252 580 2288 Romanis
611 2257 648 2286 et
678 2253 797 2298 templi
828 2251 1022 2298 patrocinio
1043 2255 1221 2287 cesserunt
1244 2255 1282 2285 et
1308 2249 1386 2285 aliis
1409 2249 1446 2283 in
1470 2249 1576 2284 rebus

109 2305 150 2336 ut
171 2299 483 2346 praestantioribus
506 2299 668 2334 honorem
692 2300 897 2334 habuerunt.

246 2347 363 2393 Atque
393 2346 480 2380 haec
510 2345 700 2380 hactenus:
734 2345 870 2380 Tullius
906 2348 1019 2378 autem
1050 2354 1125 2378 cum
1149 2340 1356 2386 Tarquiniis
1378 2340 1468 2374 filias
1492 2351 1576 2374 suas

109 2391 373 2438 despondisset,
397 2404 438 2427 ac
459 2403 602 2436 regnum
624 2404 664 2426 se
687 2392 738 2426 eis
762 2391 975 2425 redditurum
997 2389 1168 2435 pollicitus
1184 2388 1271 2422 alias
1289 2387 1382 2422 aliud
1400 2387 1574 2420 causando

108 2439 402 2484 procrastinaret,
432 2438 484 2473 illi
516 2449 645 2472 moram
676 2449 782 2482 aegre
815 2438 968 2471 ferentes
999 2436 1087 2470 male
1109 2434 1325 2480 cogitabant.
1373 2432 1465 2478 quod
1490 2443 1575 2476 rege

110 2484 194 2519 nihil
217 2490 380 2528 curante,
416 2484 479 2519 sed
501 2483 674 2519 Romanos
707 2484 750 2518 ad
780 2482 1020 2517 democratiam
1044 2487 1079 2516 et
1101 2481 1297 2515 libertatem
1320 2479 1428 2524 magis
1451 2488 1575 2511 assue-

107 2530 275 2575 faciente,
299 2530 486 2575 Tarquinii
508 2530 617 2575 magis
640 2530 743 2564 etiam
768 2529 1048 2573 indignabantur.
1084 2539 1126 2560 ac
1148 2526 1264 2560 iunior
1288 2536 1361 2559 eam
1385 2522 1577 2558 molestiam

68 2576 69 2579 ’
110 2577 372 2623 concoquebat,
418 2576 480 2610 sed
517 2584 603 2611 natu
650 2577 761 2610 maior
805 2574 957 2608 Tullium
1005 2573 1136 2608 diutius
1183 2583 1252 2605 non
1301 2573 1415 2604 ferens
1433 2596 1442 2614 ‚
1491 2569 1576 2614 quia

111 2632 252 2658 uxorem
288 2630 321 2657 et
349 2623 493 2658 fratrem
524 2633 622 2656 suum
645 2627 805 2656 conatum
829 2632 896 2655 non
923 2620 1072 2665 probare
1099 2618 1264 2659 videbat,
1302 2627 1444 2651 uxorem
1476 2625 1572 2649 suam

108 2667 212 2714 ipse,
251 2669 396 2703 fratrem
422 2667 599 2713 petillius
637 2679 779 2703 uxorem
818 2677 954 2701 veneno
991 2665 1104 2707 tollit3
1143 2665 1318 2708 ductaque
1346 2661 1466 2696 fratris
1492 2672 1577 2695 con-

110 2712 209 2759 iuge,
251 2714 309 2749 illa
342 2714 510 2750 adiutrice
546 2713 664 2749 Tullio
704 2714 903 2748 insidiatur.
959 2716 996 2746 et
1027 2723 1101 2746 cum
1134 2710 1250 2744 multis
1283 2708 1502 2743 senatoribus
1536 2717 1576 2739 ac

111 2759 287 2803 patriciis,
317 2761 443 2806 quibus
475 2760 609 2795 invisus
633 2765 709 2796 erat
731 2760 883 2802 Tullius,
902 2758 1158 2805 conspiratione
1184 2756 1293 2799 inita,
1318 2766 1360 2789 ex
1386 2752 1574 2799 improviso

181 2814 346 2851 Zonarae
361 2816 517 2852 Annales
539 2817 586 2853 Π.
1274 2819 1300 2859 3
