1820 3120
279 97 375 147 178
740 92 967 144 IOANMS
1000 95 1261 144 ZONARAE

275 216 319 256 δὲ
350 213 558 267 ἐκκλησίας
592 212 629 254 οἳ
659 213 733 267 μὲν
763 218 844 257 τῶν
867 214 1157 276 Καρχηδονίων
1190 210 1348 269 εἰρήνην
1378 211 1488 269 ἄγειν
1517 212 1620 272 πρὸς
1639 210 1738 264 vain,-

269 281 489 335 Ῥωμαίους
512 281 810 335 συνεβούλευον,
857 283 895 325 οἳ
919 285 964 325 δὲ
985 287 1043 340 τῷ
1060 283 1220 341 Ἀννίβα
1243 282 1519 338 προσκείμενοι
1543 277 1640 333 ’ἑοὺς
1660 283 1735 337 μὲν

273 351 532 400 Ζακυνθίους
555 349 716 401 ἀδικεῖν,
751 351 846 401 τοὺς
878 352 923 393 δὲ
947 349 1171 405 Ῥωμαίους
1201 349 1253 391 τὰ
1286 349 1413 404 μηδὲν
1442 349 1734 409 σφίσιῇπροσή-

87 430 115 463 Ρ
140 430 158 463 Ι
179 428 245 464 407
270 435 391 461 κοντα
414 422 758 475 πολυπραγμονεῖν
781 418 926 474 ἔλεγον.
971 421 1039 461 καὶ
1062 419 1176 468 τέλος
1198 414 1535 474 ἐπεκράτησαν·οἳ
1548 422 1734 474 ’πολεμῆ-

270 504 338 529 σαι
363 491 472 543 σφᾶς
497 487 793 536 ἀναπείθοντες.
1550 503 1554 508 ·
1610 509 1611 512 =

399 555 467 598 Ἔν
488 554 618 613 τούτῳ
652 557 696 598 δὲ
709 553 748 596 ’ὅ
777 556 959 607 Ἀννίβας
981 556 1139 611 σπουδῇ
1161 553 1235 603 τὰς
1258 548 1492 610 προσβολὰς
1512 555 1586 608 ’τῆς
1604 551 1734 608 τειχο-

268 625 419 678 μαχίας
450 625 631 666 ἐποιεῖτο.
698 626 857 664 πολλῶν
891 623 936 665 δὲ
964 621 1190 664 πιπτόντων
1212 623 1278 663 καὶ
1302 619 1494 664 πλειόνων
1515 627 1735 679 mmmmm-

266 693 396 745 μένων
419 692 462 733 ἐκ
486 695 565 734 τῶν
588 695 660 733 τοῦ
684 691 889 742 Ἀννίβου,
926 692 997 732 καί
1015 706 1111 732 ποτε
1132 694 1212 732 τῶν
1236 691 1527 745 Καρχηδονίων
1544 700 1735 732 κατοίσω·

266 759 422 802 σάντων
445 777 482 801 τι
505 763 578 801 τοῦ
600 758 815 815 περιβόλου
839 760 907 800 καὶ
930 758 1033 800 κατὰ
1055 759 1101 801 τὸ
1127 758 1263 814 ῥῆγμα
1287 759 1483 801 εἰσελθεῖν
1506 753 1736 813 τολμησάν-

266 845 359 879 των,
383 827 649 883 ἐπεξέδραμον
668 827 706 868 οἳ
725 825 953 869 Ζακύνθιοι
971 829 1037 868 καὶ
1056 825 1313 881 ἀπεσόβησαν
1335 831 1465 885 σφᾶς·
1500 827 1598 869 ὅθεν
1616 826 1792 871 enimin)

264 896 337 948 μὲν
368 894 701 951 ἐπερρώσθησαν,
737 896 774 936 οἱ
806 894 1082 950 Καρχηδόνιοι
1122 895 1166 937 δὲ
1204 895 1392 938 ἐνέδοσαν
1433 892 1732 951 ἀθυμήσαντες.

265 964 338 1005 οὐκ
371 963 598 1017 ἀπέστησαν
628 963 671 1005 δὲ
703 965 796 1020 πρὶν
828 963 901 1018 τὴν
924 961 1040 1005 πόλιν
1063 961 1177 1014 ἑλεῖν,
1212 964 1342 1005 καίτοι
1365 963 1432 1005 ἐπ’
1454 962 1602 1019 ὄγδοον
1623 968 1732 1018 μῆνα

213 1039 241 1071 Β
266 1036 337 1087 τῆς
358 1033 590 1088 πολιορκίας
612 1033 940 1088 παραταθείσης·
976 1033 1018 1073 ἐν
1049 1029 1110 1081 οἷς
1142 1031 1247 1073 ἄλλα
1276 1048 1321 1074 τε
1351 1031 1481 1074 πολλὰ
1503 1033 1732 1087 συνηνέχθη

262 1103 329 1142 καὶ
373 1099 526 1151 ἄτοπα,
581 1102 648 1142 καὶ
684 1098 705 1141 ὃ
739 1101 922 1153 Ἀννίβας
958 1101 1096 1149 δεινῶς
1131 1098 1309 1156 ἐτρώθη.
1390 1099 1478 1155 ἥλω
1513 1101 1559 1143 δὲ
1592 1098 1732 1150 οὓτως-ζ

257 1167 483 1223 μηχάνημα
516 1173 574 1225 τῷ
604 1170 721 1222 τείχει
755 1168 1011 1226 προσήγαγον
1044 1167 1148 1211 πολύ
1182 1185 1224 1211 τε
1259 1168 1388 1211 αὐτοῦ
1416 1165 1634 1226 ὗπ-εροιῖρον
1663 1170 1730 1211 καὶ
1743 1177 1788 1211 15

1743 496 1767 529 5

262 1235 427 1286 ὁπλίτας
459 1237 553 1286 τοὺς
582 1238 655 1290 μὲν
687 1239 877 1293 ἐμφανεῖς
899 1237 990 1290 ἕχον
1014 1237 1109 1287 τοὺς
1132 1237 1175 1278 δέ
1198 1235 1490 1287 λανθάνοντας.
1558 1241 1639 1280 τῶν
1659 1232 1733 1279 οὖν

262 1306 505 1347 Ζακυνθίων
531 1311 614 1354 τοῖς
645 1303 862 1361 ὁρωμένοις
893 1303 948 1355 ὡς
969 1303 1109 1358 μόνοις
1133 1299 1223 1347 οὖσι
1245 1306 1486 1359 μαχομένων
1510 1305 1731 1362 {peomne}-

262 1389 417 1430 στερον,
453 1373 491 1415 οἳ
524 1374 788 1430 κεκρυμμένοι
818 1373 863 1415 τὸ
897 1379 1027 1427 τεῖχος
1059 1371 1331 1429 ὑπορύξαντες
1365 1372 1640 1427 εἴσεβιάσαντο
1664 1376 1732 1416 καὶ

262 1441 376 1483 ἔνδον
399 1442 587 1496 ἐγένοντο.
646 1446 704 1498 τῷ
724 1446 820 1496 γοῦν
842 1439 1062 1499 παραδόξῳ
1086 1441 1125 1483 οἳ
1147 1440 1375 1484 Ζακύνθιοι
1398 1443 1656 1497 ἐκπλαγέντες
1675 1444 1732 1492 εἷς

261 1510 335 1564 τὴν
359 1508 576 1565 ἀκρόπολιν
599 1511 841 1566 ἀνέδραμον,
875 1512 943 1552 καὶ
969 1511 1024 1559 εἲς
1046 1508 1189 1565 λόγους
1211 1504 1359 1565 ἦλθον,
1395 1510 1436 1553 εἷ’
1450 1527 1536 1560 πως
1569 1512 1787 1556 ἓπιεικεῖῖο

261 1595 336 1620 τινι
372 1576 565 1637 ὁμολογία
598 1582 871 1634 περισωθεῖεν.
940 1576 996 1628 ὡς
1030 1578 1070 1619 δ’
1107 1578 1223 1620 οὐδὲν
1253 1577 1274 1620 ὅ
1303 1579 1486 1633 Ἀννίβας
1517 1582 1729 1635 προΐσχετο

205 1648 445 1704 (ξ’μέτριον,
485 1645 577 1688 οὔτε
611 1664 672 1696 τις
705 1647 842 1697 αὐτοῖς
874 1646 1181 1703 ὠφέλειαπρός
1212 1651 1292 1689 τῶν
1327 1645 1536 1702 Ῥωμαίων
1569 1648 1730 1703 ἐγίνετο,

349 1754 373 1788 2
395 1752 625 1797 προκείμενοι
645 1753 737 1790 CW.
759 1749 1042 1797 “προσκείμενοι
1063 1752 1281 1798 reposuimus
1307 1765 1351 1787 ex
1373 1749 1471 1788 mss”
1494 1754 1729 1792 Ducnwms.

351 1799 376 1833 4
397 1795 603 1843 ἐκράτησαν
624 1799 667 1833 Α.
758 1799 780 1835 9
803 1795 845 1834 τὸ
870 1810 923 1832 om
948 1799 991 1833 C.
1083 1800 1127 1834 12
1150 1796 1410 1844 ἀπανέστησαν
1430 1799 1506 1834 ΑΒ.
1596 1796 1640 1834 δὲ
1662 1796 1732 1844 τὴν

348 1841 457 1879 πόλιν
478 1843 567 1888 πρὶν
589 1841 684 1878 ἑλεῖν
707 1844 752 1878 Α.
892 1845 937 1879 14
969 1841 1034 1878 καὶ
1065 1845 1163 1891 prius
1192 1856 1247 1879 om
1269 1847 1314 1879 A.
1453 1847 1498 1883 16
1520 1841 1608 1886 τοὺς
1628 1846 1728 1892 prius

352 1901 405 1925 om
427 1891 469 1926 C.
608 1891 653 1925 18
674 1885 917 1934 ἔπορύξαντες
941 1890 984 1924 A.

257 1986 386 2027 ctoque
408 1981 551 2015 concilio
575 1980 913 2025 Carthaginiensium
936 1981 996 2015 alii
1018 1991 1138 2025 pacem
1161 1984 1366 2023 suaserunt,
1389 1981 1498 2016 factio
1521 1991 1607 2014 vero
1630 1979 1730 2013 Han-

259 2028 406 2070 nibalis,
439 2027 654 2071 Saguntinos
688 2038 766 2060 esse
795 2027 959 2070 iniurios,
992 2033 1028 2061 et
1051 2027 1222 2060 Romanos
1253 2038 1296 2060 ea
1330 2038 1421 2071 quae
1456 2026 1540 2060 nihil
1563 2026 1607 2060 ad
1629 2025 1727 2071 ipsos

258 2072 448 2106 attinerent
480 2072 617 2106 curiose
650 2073 846 2117 complecti,
882 2073 1071 2107 asserebat.
1117 2072 1266 2117 denique
1300 2072 1336 2106 iu
1370 2078 1489 2107 eorum
1521 2065 1726 2106 sententiam

258 2120 345 2153 itum
368 2123 423 2152 est
449 2118 506 2163 qui
529 2118 611 2152 belli
624 2118 798 2153 'Romanis
822 2118 994 2152 inferendi
1017 2122 1179 2152 auctores
1202 2120 1313 2153 erant.

393 2164 533 2197 Interea
555 2165 633 2198 dum
656 2164 831 2198 Hannibal
855 2164 974 2198 sedulo
997 2164 1132 2198 moenia
1157 2167 1348 2210 oppugnat,
1373 2162 1471 2198 multi
1495 2173 1538 2197 ex
1560 2161 1638 2210 eius
1662 2162 1725 2196 mi*-

257 2209 379 2244 litibus
408 2210 560 2252 cadunt,
593 2210 748 2255 pluribus
780 2211 993 2253 vulnerati83
1027 2213 1064 2243 et
1098 2220 1174 2243 cum
1205 2209 1391 2254 aliquando
1416 2207 1726 2253 Carthaginienses

256 2255 347 2290 muri
367 2261 499 2300 partem
523 2255 733 2290 deiecissent
760 2261 796 2290 et
818 2263 881 2302 per
900 2256 1019 2290 ruinas
1041 2261 1229 2300 penetrare
1250 2260 1479 2298 conarentur,
1515 2267 1536 2288 a
1560 2254 1727 2298 Sagunti-

258 2301 311 2335 nis
344 2301 529 2346 eruptione
561 2302 657 2336 facta
688 2302 820 2348 repulsi
853 2305 1045 2336 cesserunt:
1079 2301 1172 2335 unde
1194 2301 1345 2347 ipsorum
1366 2301 1544 2335 imminuta
1567 2299 1726 2343 audacia,

258 2347 509 2391 oppidanorum
531 2358 615 2382 vero
639 2349 742 2382 animi
764 2348 857 2382 aucti
880 2351 971 2384 sunt.
1017 2356 1129 2391 neque
1159 2352 1276 2381 tamen
1308 2348 1350 2381 ab
1376 2347 1557 2381 obsidione
1579 2345 1726 2387 destite7

258 2397 359 2435 runt,
394 2393 431 2426 in
461 2403 613 2427 mensem.
639 2398 799 2428 octavum
829 2399 941 2439 usque
970 2397 1179 2438 prorogata:
1215 2402 1282 2438 quo
1313 2393 1478 2438 temporis
1510 2390 1626 2437 spatio
1650 2402 1725 2426 cum
1770 2423 1773 2427 ,

259 2437 326 2472 alia
349 2439 457 2472 multa
479 2445 588 2484 eaque
610 2439 823 2474 incommoda
845 2444 1056 2484 evenerunt,
1087 2444 1159 2472 tum
1181 2438 1354 2472 Hannibal
1384 2438 1541 2483 graviter
1563 2437 1725 2472 vnlnera-

259 2490 316 2517 tus
340 2489 406 2518 est.
454 2485 535 2518 urbs
558 2490 672 2519 autem
696 2486 747 2518 sic
770 2491 872 2531 capta
896 2490 963 2520 est.
1009 2484 1200 2519 machinam
1230 2484 1451 2518 adduxerunt
1480 2493 1570 2528 quae
1594 2483 1724 2516 moenia

259 2530 402 2563 multum
433 2535 632 2574 superaret,
667 2532 808 2565 armatis
841 2531 965 2586 partim
996 2530 1190 2576 conspicuis
1220 2531 1345 2575 partim
1379 2530 1524 2564 occultis
1545 2528 1723 2564 refertam.

260 2575 341 2608 dum
373 2578 488 2609 autem
512 2576 697 2621 Saguntini
725 2589 800 2611 cum
830 2578 874 2611 iis
909 2578 1077 2611 duntaxat
1109 2587 1196 2621 quos
1225 2576 1393 2610 videbant
1418 2575 1532 2610 acrius
1554 2579 1725 2621 pugnant,

261 2621 352 2653 solos
376 2633 434 2654 eos
460 2633 537 2656 esse
560 2623 711 2668 opinati,
745 2623 874 2658 occulti
905 2623 1052 2657 suffosso
1082 2633 1177 2656 muro
1211 2623 1249 2656 vi
1281 2622 1318 2656 in
1341 2623 1460 2657 urbem
1482 2623 1723 2667 penetrarunt.

260 2665 445 2709 Saguntini
467 2678 506 2702 re
528 2668 707 2714 inopinata
730 2669 911 2714 perterriti
932 2669 968 2702 in
991 2679 1102 2702 arcem
1125 2674 1367 2712 accurrerunt,
1402 2667 1590 2711 habitoque
1619 2666 1725 2699 collo-

261 2711 344 2755 quio
374 2713 615 2748 tolerabilibus
642 2715 902 2750 condicionibus
935 2714 1080 2756 salutem
1109 2713 1297 2758 impetrare
1327 2714 1544 2748 studuerunt.
1590 2711 1723 2746 Hanni-

260 2758 341 2791 bale
362 2758 449 2792 vero
472 2760 561 2794 nihil
582 2761 752 2798 moderati
774 2762 986 2807 postulante,
1005 2769 1118 2804 neque
1132 2759 1298 2797 Romanis
1318 2759 1498 2806 quicquam
1515 2757 1591 2804 opis
1607 2758 1723 2792 feren*-
