1820 3120
276 107 374 153 204
681 125 723 191 ἦ
757 100 982 156 mama
1016 102 1274 158 zonA‘E

274 227 322 279 τῇ
354 220 466 264 πόλει
496 223 598 274 μετὰ
631 228 768 266 ταῦτα
794 224 1021 269 ἀπώσαντο.
1090 226 1385 287 ἀποκρουσθεὶς
1417 229 1460 270 δὲ
1491 234 1563 285 τῆς
1591 228 1740 286 Νώλης

268 289 521 344 Ἀκερανούς
546 289 624 334 εἷλε
647 296 750 350 λιμῷ
773 294 835 335 ἐπὶ
859 301 947 344 ταῖς
970 295 1109 344 αὐταῖς
1131 301 1214 344 τοῖς
1231 295 1489 351 Νουκερίνοϊς·
1504 297 1740 354 συνθήκαις,

224 363 252 398 C
274 361 340 401 καὶ
362 358 414 400 τὰ
437 357 540 400 αὐτοὶ
564 359 772 416 εῗργάσατο
797 364 862 403 καὶ
886 362 1044 412 αὐτούς.
1089 360 1172 403 εἶτα
1196 364 1263 404 καὶ
1279 363 1340 404 ἐπὶ
1362 365 1580 416 Βασιῖὲὶθσς
1589 364 1740 423 ἀκρά-

272 443 421 478 τευσεν,
450 428 491 469 ἓν
514 421 547 485 ᾧ
564 426 758 482 Ῥωμαῖοί
776 445 818 472 τε
841 433 906 472 καὶ
930 429 1154 484 συμμάχων
1172 428 1265 472 ὡσεὶ
1285 432 1407 484 χίλιοι
1426 424 1737 492 συγὶὲὰτ-ἔφνγον.

273 496 318 538 οἳ
333 496 427 546 τοὺς
447 497 520 551 μὲν
544 498 781 553 ἐπιχωρίους
802 500 1022 554 προδοῦναι
1047 502 1156 554 σφᾶς
1176 497 1472 553 μελετήσαντας
1487 492 1735 555 dmum,
1749 511 1770 544 5
1819 523 1820 552 3

271 567 337 607 καὶ
369 566 437 607 τὸν
464 565 665 618 Ἀννίβαν
699 564 890 615 πολλάκις
923 565 1160 617 ἀπώσαντο,
1195 568 1262 608 καὶ
1291 567 1393 623 πρὸς
1416 569 1533 623 λιμὸν
1553 572 1739 624 ramme

270 634 600 690 ὁιεκαρτέρησαν·
627 632 900 687 ’ἐπιλιπούσης
932 633 976 675 δὲ
1007 638 1079 688 τῆς
1111 639 1266 691 τροφῆς
1301 633 1472 689 αὐτούς,
1506 628 1574 680 ἐπ”
1610 637 1740 681 ἂνκοῧ

267 720 356 745 τινα
380 703 446 744 διὰ
471 706 544 744 τοῦ
565 705 752 754 ποταμοῦ
775 701 876 756 πρὸς
898 700 967 743 τὸν
990 700 1206 758 δικτάτορα
1230 702 1436 758 ἔπεμψαν·
1478 702 1500 747 ὅ
1525 705 1739 758 δὲΏίθὉυς

268 770 447 826 ἀλεύρων
474 767 637 824 πλήρεις
657 769 798 818 νυκτὸς
821 770 1028 822 ἐνέβαλλεν
1053 772 1107 820 εἷς
1129 770 1199 812 τὸν
1227 770 1432 825 ποταμόν,
1467 771 1738 828 ἐντειλάμενος

269 839 405 888 αὐτοῖς
435 843 679 893 παρατηρεῖν
711 839 752 879 ἐν
782 842 838 894 τῷ
862 837 993 880 σκότει
1016 839 1060 880 τὸ
1085 838 1226 894 ῥεῦμα.
1295 841 1362 881 καὶ
1380 839 1529 896 χρόνον
1550 841 1623 894 μέν
1643 854 1735 884 τινα
1747 846 1794 881 10

268 905 486 948 ἐλάνθανεν
509 904 636 954 οὕτως
657 905 731 955 τὰς
751 906 908 962 τροφὰς
931 906 1067 956 αὐτοῖς
1084 911 1294 962 χορηγῶν,
1329 907 1460 951 ἔπειτα
1482 910 1617 952 πίθου
1633 909 1738 960 τινὸς

217 980 248 1013 D
272 973 564 1031 προσραγὲντος
586 990 654 1014 ποι
677 975 743 1015 καὶ
768 974 1043 1029 συντριβέντος
1064 974 1184 1028 ἔγνων
1208 975 1245 1016 οἱ
1270 975 1612 1032 Καρχηδόνιοιτὸ
1627 976 1736 1032 γινό-

268 1059 407 1096 μενον,
443 1043 509 1083 καὶ
543 1039 704 1084 ἁλύσεσι
734 1042 803 1084 τὸν
836 1042 1018 1095 ποταμὸν
1055 1041 1318 1099 διειλήφασιν.
1383 1043 1442 1094 ’ὥς
1474 1045 1531 1088 δὲ’
1550 1041 1736 1103 τῷλιμῷ

267 1113 334 1153 καὶ
362 1117 445 1160 τοῖς
478 1108 680 1164 τραύμασι
704 1112 840 1163 συχνοὶ
866 1109 1163 1167 διεφθάρησαν,
1197 1111 1243 1153 τὸ
1268 1112 1400 1168 ἕτερον
1421 1113 1544 1169 μέρος
1563 1117 1636 1168 τῆς
1659 1112 1734 1155 πό-

267 1184 364 1228 λεως
394 1179 574 1228 ἐξέλιπον,
606 1179 679 1220 κάν
709 1183 766 1236 τῷ
798 1182 924 1235 λοιπῷ
961 1179 1260 1235 διεκαρτέρουν,
1294 1180 1368 1235 τὴν
1389 1181 1569 1238 γέφυραν
1591 1179 1732 1224 διακό-
1743 1189 1788 1222 15

266 1260 429 1302 ψαντες.
498 1244 581 1288 εἶτα
615 1247 773 1301 σπέρμα
805 1248 1036 1302 γογγυλίδος
1062 1246 1140 1288 ἀπὸ
1171 1252 1243 1289 τοῦ
1271 1249 1426 1303 τείχους
1448 1249 1504 1300 εἴς
1524 1267 1563 1292 τι
1583 1251 1734 1306 χωρίον

264 1315 416 1366 ἔξωθεν
446 1315 570 1357 αὐτοῦ
604 1316 838 1368 κατέβαλον.
908 1316 1097 1369 ἐποίησαν
1131 1316 1174 1356 δὲ
1204 1321 1322 1358 τοῦτο
1351 1319 1420 1359 ἵνα
1450 1317 1732 1372 καταπλήξωσι

265 1385 359 1434 τοὺς
377 1385 589 1437 πολεμίους
613 1381 667 1432 ὥς
691 1385 757 1424 καὶ
781 1383 842 1424 ἐπὶ
865 1382 967 1425 πολὺ
994 1383 1315 1437 αὖταρκὲσοντες.
1382 1384 1481 1427 ὅθεν
1498 1384 1519 1427 ὅ
1533 1385 1733 1439 Ἀννίβας

263 1452 451 1509 ἄφθονον
484 1450 629 1501 αὐτοὺς
661 1451 762 1505 ἔχειν
794 1451 866 1505 τὴν
897 1451 1052 1507 τροφὴν
1085 1453 1239 1505 οἰηθεὶς
1271 1455 1336 1494 καὶ
1371 1454 1434 1494 ἐπὶ
1465 1457 1517 1510 τῇ
1542 1456 1731 1513 καρτερίᾳ

262 1519 486 1574 θαυμάσας
521 1522 576 1568 εἷς
606 1517 820 1574 ὁμολογίαν
855 1520 1172 1574 προεκαλέσατο,
1208 1522 1275 1561 καὶ
1304 1519 1526 1576 χρημάτων
1556 1522 1726 1564 ἀπέδοτο
1738 1527 1786 1564 20

250 1593 384 1646 σφᾶς.
453 1586 642 1630 ἐλύσαντο
665 1587 743 1645 γὰρ
768 1586 913 1637 αὖτοὺς
935 1587 973 1629 οἱ
996 1587 1072 1637 ἔξω
1091 1586 1279 1641 Ῥωμαῖοι
1298 1589 1492 1643 ἀσμένως,
1528 1590 1632 1632 ἀλλὰ
1648 1590 1730 1645 μὴν

264 1659 331 1699 καὶ
357 1657 558 1711 ἐτίμησαν.
1020 1656 1028 1661 ’

353 1766 375 1800 1
398 1764 443 1809 τῇ
465 1761 569 1798 πόλει
589 1760 679 1807 μετὰ
701 1762 819 1797 ταῦτα
841 1762 914 1806 AB,
938 1759 1028 1806 μετὰ
1051 1761 1169 1796 ταῦτα
1194 1763 1239 1807 τῇ
1263 1759 1367 1797 πόλει
1389 1763 1480 1797 PW.
1589 1765 1612 1800 2
1633 1761 1726 1799 ’Ans-

351 1806 488 1855 ρανοῦς
509 1829 554 1834 -
577 1811 600 1845 3
621 1807 684 1844 καὶ
707 1805 840 1848 αὐτούς
855 1809 974 1842 Dionis
1000 1812 1197 1853 excerptum
1212 1808 1467 1843 Peirescianum
1491 1809 1549 1845 54.
1638 1811 1726 1844 Λκε-

351 1852 489 1899 ράνους
510 1855 601 1889 PW.
753 1850 991 1896 νουκεράνοις
1016 1855 1056 1887 C.
1216 1854 1239 1888 3
1262 1850 1342 1888 εἶτα
1362 1861 1442 1899 post
1465 1854 1659 1895 Βασιλίνας
1681 1856 1722 1892 Β.

352 1902 374 1935 5
398 1898 462 1944 μὲν
485 1912 537 1934 om
559 1901 600 1934 A.
736 1899 757 1934 7
780 1896 1032 1942 ἐπιλειπούσης
1054 1898 1095 1932 A.
1209 1899 1274 1944 τῆς
1298 1912 1352 1934 om
1375 1900 1418 1934 C.
1546 1900 1569 1935 9
1591 1898 1724 1941 νυκτὸς
1759 1903 1761 1905 ’

351 1952 434 1992 post
464 1943 633 1988 ποταμὸν
668 1945 711 1979 Α.
906 1940 1076 1988 ἐνέβαλεν
1105 1945 1180 1979 Ac.
1378 1947 1422 1981 11
1452 1943 1519 1987 τὰς
1547 1947 1615 1981 add
1646 1947 1720 1981 AB.

352 1992 397 2026 14
420 1988 642 2036 ἐφθάρησαν
667 1992 709 2034 C,
733 1987 924 2025 ἀπώλοντο
949 1991 993 2024 Α.
1088 1989 1154 2033 τῆς
1175 1988 1317 2030 πόλεως
1338 1989 1448 2036 μέρος
1464 1993 1505 2028 A.
1599 1991 1642 2026 18
1658 1990 1723 2026 καὶ

353 2050 408 2071 om
428 2038 471 2072 A.
564 2033 850 2081 οἷνταρκέσοντες
872 2036 916 2080 Α,
941 2032 1232 2079 αὖταρκέσοντας
1253 2036 1342 2096 ΡὛ.
1443 2037 1488 2072 19
1509 2033 1579 2082 τὴν
1602 2049 1655 2072 om
1679 2038 1722 2071 A.

261 2130 304 2163 ab
339 2129 437 2163 urbis
470 2127 728 2174 oppugnatione
749 2129 900 2174 repulso.
945 2129 1025 2163 inde
1049 2128 1224 2174 digressus
1245 2128 1437 2162 Acerranos
1467 2129 1557 2162 fame
1580 2128 1722 2172 domuit,
1751 2142 1758 2148 ·

258 2175 382 2208 iisdem
408 2174 533 2220 quibus
548 2174 739 2207 Nucerinos
764 2175 1030 2219 condicionibus,
1053 2175 1240 2218 eodemque
1253 2173 1419 2208 tractavit
1442 2175 1550 2208 modo.
1598 2174 1722 2208 deinde

258 2220 431 2254 Basilinas
455 2226 508 2254 est
524 2231 720 2264 aggressus,
745 2232 811 2265 quo
835 2221 982 2255 Romani
1005 2231 1188 2266 eorumque
1212 2220 1300 2253 socii
1321 2219 1463 2253 circiter
1487 2219 1575 2253 mille
1597 2221 1719 2254 confu-

257 2270 406 2310 gerant3
430 2267 487 2310 qui
512 2267 644 2300 civibus
669 2267 896 2311 proditionem
919 2266 1138 2301 molientibus
1161 2265 1306 2308 occisis,
1328 2265 1591 2310 Hannibaleque
1614 2275 1718 2311 saepe

257 2311 458 2357 profligato,
480 2314 601 2346 famem
626 2323 762 2356 quoque
787 2313 927 2347 fortiter
949 2313 1153 2346 tolerarunt.
1202 2323 1276 2345 cum
1296 2314 1408 2344 autem
1431 2315 1636 2345 commeatus
1659 2311 1718 2344 de—

255 2358 411 2402 fecisset,
437 2358 607 2402 quendam
631 2359 664 2390 in
688 2364 767 2392 utre
791 2359 834 2392 ad
857 2359 1062 2392 dictatorem
1090 2357 1280 2398 miserunt3
1302 2357 1360 2400 qui
1385 2363 1486 2390 noctu
1501 2357 1593 2391 dolia
1607 2357 1737 2390 farina*

255 2404 358 2448 plena
379 2404 414 2437 in
438 2405 563 2438 flumen
585 2404 741 2436 coniecta
764 2416 822 2438 eos
847 2404 883 2438 in
903 2404 1054 2439 tenebris
1079 2405 1266 2437 observare
1282 2402 1394 2437 iussit.
1442 2403 1507 2435 hoc
1522 2402 1621 2436 modo
1633 2403 1719 2436 clam

256 2461 315 2483 eos
341 2449 383 2482 ad
407 2446 541 2495 tempus
565 2448 667 2482 aluit:
693 2450 752 2483 sed
776 2450 913 2484 tandem
937 2459 1002 2484 οπο
1027 2449 1116 2483 dolio
1141 2459 1184 2482 ex
1207 2446 1361 2481 allisione
1377 2449 1554 2482 confracto
1569 2447 1719 2481 Cartha-

253 2495 427 2539 ginienses
458 2506 497 2529 re
531 2493 769 2528 animadversa
791 2496 922 2529 catenis
951 2495 1093 2530 fluvium
1116 2494 1322 2528 munierunt.
1370 2498 1410 2528 ut
1433 2498 1543 2527 autem
1566 2495 1658 2527 fame
1681 2497 1718 2526 et

251 2541 452 2575 vulneribus
476 2540 572 2574 multi
594 2540 781 2585 perierunt,
807 2541 915 2576 altera
938 2541 1034 2575 urbis
1057 2545 1158 2586 parte
1181 2540 1318 2573 deserta
1334 2542 1369 2573 et
1384 2543 1492 2584 ponte
1506 2539 1717 2584 interrupto,

253 2585 289 2619 in
309 2586 416 2620 altera
434 2587 646 2620 obsidionem
668 2586 874 2621 tolerarunt.
904 2592 1027 2633 postea
1051 2597 1165 2620 semen
1189 2597 1350 2630 raporum
1373 2585 1409 2618 in
1426 2584 1591 2630 quendam
1606 2584 1716 2618 locum

255 2637 353 2666 extra
370 2644 499 2666 murum
514 2632 724 2673 abiecerunt,
749 2638 788 2666 ut
803 2634 920 2667 hostes
943 2644 1003 2667 eos
1026 2632 1085 2665 diu
1107 2631 1286 2665 habituros
1310 2631 1494 2665 crederent
1511 2630 1600 2664 unde
1615 2629 1717 2663 vive-

254 2681 344 2712 rent.
394 2690 461 2722 qua
493 2678 610 2711 eadem
644 2678 805 2723 opinione
835 2679 1000 2725 deceptus
1029 2675 1225 2720 Hannibal,
1261 2686 1447 2721 eorumque
1471 2675 1714 2710 'fortitudinem

254 2723 452 2768 admiratus,
480 2735 538 2757 eos
562 2724 604 2757 ad
628 2724 820 2769 pactionem
844 2727 1051 2770 provocatos
1075 2723 1222 2768 pecunia
1246 2722 1412 2757 vendidit.
1459 2732 1547 2767 quos
1569 2719 1712 2756 Romani

255 2779 320 2803 non
343 2769 441 2803 modo
462 2768 588 2812 cupide
611 2770 842 2815 redemerunt,
865 2770 927 2806 sed
951 2770 1054 2804 etiam
1081 2769 1304 2803 honorarunt.
