1820 3120
596 115 883 161 ANNALIUM
911 116 1020 160 VIII
1054 117 1123 159 11.
1506 114 1602 161 143

67 260 69 262 -
126 250 182 278 ..ω-ι
262 232 332 276 Ἔν
353 232 399 275 δὲ
419 233 479 290 τῷ
500 229 589 274 τότε
609 229 745 290 χρόνῳ
769 230 884 274 ἄλλοι
905 247 948 274 τε
971 235 1052 273 τῶν
1075 227 1253 273 ἁλόντων
1273 231 1339 272 καὶ
1357 230 1398 272 ἓν
1415 233 1473 287 τῷ
1490 227 1602 272 ἄστει
1624 239 1654 274 Β

4 342 5 349 ,
54 291 77 330 s
127 299 419 352 δουλευόντων,
447 301 515 342 καὶ
539 300 579 342 οἱ
601 302 796 343 Σαυνῖται
819 300 975 355 (συχνοὶ
997 298 1076 355 γὰρ
1100 298 1204 355 πρὸς
1225 298 1298 353 τὴν
1320 302 1393 341 τοῦ
1415 302 1604 341 ναυτικοῦ

35 361 77 412 1J
130 369 392 427 παρασκευὴν
414 368 627 426 ἀφίκοντο)
651 369 864 411 συνέθεντο
889 372 938 425 τῇ
955 365 1100 424 εΡώμῃ
1124 367 1421 420 ἐπιβουλεῦσαι.
1453 366 1605 421 μαθὼν

33 451 67 489 ’ς
129 438 176 483 δὲ
208 443 328 482 τοῦτο
352 437 488 495 ’Ἐριος
509 438 704 488 Ποτίλιος
734 435 756 480 ὅ
789 441 862 492 τῆς
890 438 1088 491 βοηθείας
1120 434 1258 492 ἄρχων
1281 434 1604 491 προσεποιήσατο

35 498 378 571 Ἀῶσυμφρονεΐν
402 505 540 556 αὐτοῖς
564 507 635 548 ἵνα
667 504 875 562 ἆκριβώσῃ
907 510 988 548 πᾶν
1011 504 1056 547 τὸ
1082 505 1321 560 δεδογμένον
1345 503 1501 555 αὐτοῖς,
1536 505 1605 546 καὶ

127 575 210 618 ἐπεὶ
239 574 298 631 μὴ
333 573 420 626 οἷός
450 591 492 618 τε
523 569 574 629 ἦν
604 578 884 629 καταμηνῦσαι
916 573 961 617 τὸ
993 571 1204 628 βούλευμα
1229 569 1391 627 (πάντες
1412 572 1489 629 γὰρ
1512 575 1603 628 περὶ

54 658 56 662 ’
127 643 253 687 αὕτόν
275 639 379 699 ἦσαν
401 643 440 686 οἶ
462 644 688 697 Σαυνῖται),
711 642 862 686 ἔπεισεν
885 642 1034 693 αὐτοὺς
1054 646 1209 697 βουλῆς
1232 641 1430 698 ἀγομένης
1453 644 1508 691 εἷς
1530 642 1604 696 τὴν

127 712 282 769 ἀγορὰν
314 712 596 770 ἀθροισθῆναι
628 714 695 754 καὶ
727 715 983 766 καταβοῆσαι
1018 711 1142 754 αὐτοῦ
1174 708 1230 761 ὥς
1264 711 1355 767 περὶ
1389 709 1458 752 τὸν
1495 717 1605 752 σῖτον

128 781 418 836 ἀδικουμένους
441 779 561 837 ὅνπερ
587 779 831 834 ἐλάμβανον.
889 785 969 823 τῶν
993 780 1038 822 δὲ
1059 783 1179 822 τοῦτο
1203 777 1456 835 ποιησάντων
1477 796 1605 833 μετα-

53 861 78 886 A
95 851 333 907 Οπεμφθεὶς
365 847 421 900 ὥς
452 848 580 899 αἴτιος
602 854 675 891 τοῦ
697 848 884 905 θορύβου
910 850 1096 907 ἐξέφηνεν
1119 849 1256 899 αὐτοῖς
1278 849 1351 903 τὴν
1374 847 1606 903 ἐπιβουλήν.

62 929 68 953 ἰ
125 919 194 961 καὶ
216 915 306 960 τότε
327 918 402 974 μὲν
422 914 709 972 ἦσυχάσαντας
735 917 995 972 ἀπέπεμψαν,
1029 917 1172 968 νυκτὸς
1196 918 1239 960 δὲ
1262 917 1484 970 συνέλαβον
1508 917 1602 958 ἕκα-
1626 918 1657 953 C

30 992 61 1041 {a
126 1003 216 1030 στοι
245 990 326 1030 τῶν
359 984 530 1042 ἐχόντων
566 985 737 1037 δούλους
769 985 882 1036 τινὰς
914 987 956 1037 ἐξ
991 986 1144 1029 αὐτῶν·
1180 988 1248 1028 καὶ
1281 984 1410 1036 οὕτως
1441 983 1605 1041 ῆπᾶσα

26 1056 63 1102 ¹1
129 1052 301 1110 διελύθη
325 1055 573 1109 συνωμοσία.

34 1174 38 1175 ⁷
268 1127 342 1181 Τῷ
377 1123 418 1165 δ’
453 1123 712 1182 έπιγενομένῳ
743 1123 857 1181 θέρει
888 1121 931 1165 ἕν
961 1140 1004 1166 τε
1027 1127 1079 1180 τῇ
1100 1123 1265 1182 Σικελίᾳ
1288 1123 1356 1164 καὶ
1379 1127 1428 1179 τῇ
1451 1124 1615 1179 Σαρδοῖ

24 1194 28 1247 f
56 1190 218 1247 ’15’ἅμα
240 1191 494 1247 ἐπολέμησαν
517 1191 557 1234 οἱ
583 1190 788 1246 “Ρωμαΐοι’
816 1209 858 1235 τε
892 1193 959 1234 καὶ
993 1191 1030 1234 οἶ
1054 1189 1344 1247 Καρχηδόνιοι.
1412 1192 1480 1233 καὶ
1502 1192 1605 1245 μετὰ

25 1252 27 1258 ’
46 1260 51 1266 ’
126 1260 243 1305 τοῦτ’
265 1260 434 1310 Ἀτίλιος
452 1260 638 1311 Λατῖνος
660 1261 700 1311 ἐς
722 1260 795 1314 τὴν
818 1261 1003 1303 Σικελίαν
1026 1259 1175 1312 ἐλθών,
1200 1262 1267 1302 καὶ
1291 1261 1607 1316 Μουτίστρατον

125 1328 244 1372 πόλιν
277 1327 357 1372 ὕπὸ
387 1333 462 1372 τοῦ
497 1327 672 1382 Φλώρου
704 1329 1044 1385 πολιορκουμένην
1077 1326 1229 1385 εὗρών,
1281 1333 1331 1385 τῇ
1369 1333 1607 1385 παρασκευῇ

127 1398 277 1441 ἐκείνου
301 1395 515 1455 ἐχρήσατο.
584 1398 652 1440 καὶ
683 1396 920 1453 προσβολὰς
950 1402 1039 1454 περὶ
1069 1397 1115 1440 τὸ
1149 1403 1278 1452 τεῖχος
1315 1397 1442 1439 αὐτοῦ
1463 1415 1607 1440 ποιου-

26 1307 47 1332 ’ἕέ

37 1481 43 1498 ¹
127 1467 250 1522 μένου
281 1470 442 1524 πρῶτον
469 1466 545 1520 μὲν
567 1465 606 1509 οἳ
629 1463 836 1521 ἐπιχώριοι
857 1465 962 1520 μετὰ
983 1471 1065 1509 τῶν
1089 1467 1383 1524 Καρχηδονίων
1405 1464 1606 1521 ἠμύνοντο

36 1526 352 1597 [ξΞΟι-ιραταιῶς,
389 1538 470 1578 τῶν
503 1535 547 1577 δὲ
577 1539 777 1591 γυναικῶν
808 1537 875 1577 καὶ
906 1539 988 1577 τῶν
1020 1536 1177 1578 παίδων
1211 1537 1252 1585 ἐς
1287 1532 1445 1592 δάκρυα
1475 1537 1544 1577 καὶ
1567 1536 1608 1584 ές

127 1603 309 1660 οἰμωγὰς
341 1603 632 1661 προαχθέντων
666 1603 739 1646 οὒκ
771 1603 975 1658 ἀντέσχον.
1043 1602 1346 1655 ὑπεξελθόντων
1382 1604 1426 1646 δὲ
1461 1604 1605 1654 νυκτὸς
1626 1610 1658 1644 D

125 1677 208 1716 τῶν
230 1674 526 1728 Καρχηδονίων
557 1671 644 1726 ἅμα
677 1677 729 1730 τῇ
763 1673 815 1730 ἕῳ
848 1673 922 1723 τὰς
952 1670 1084 1724 πύλας
1106 1674 1314 1716 ἐθελονταὶ
1339 1672 1376 1714 οἱ
1400 1671 1608 1728 ἐπιχώριοι

127 1740 388 1785 ἀνεπέτασαν.
457 1739 706 1792 εἷσελθόντες
742 1742 786 1783 δὲ
817 1741 855 1784 οἶ
882 1739 1084 1796 ςΡωμαῖοι
1115 1740 1270 1793 πάντας
1293 1739 1497 1798 ἐφόνευον,
1534 1742 1609 1791 ἕως

219 1861 244 1895 2
265 1855 492 1895 κελευόντων
515 1859 614 1904 (corr
636 1857 913 1905 δουλευόντων)
940 1861 982 1899 C.
1091 1861 1136 1898 13
1162 1856 1280 1906 ἐλύθη
1303 1860 1346 1895 Α.
1450 1861 1495 1896 14
1521 1870 1610 1900 σαρ-

220 1905 278 1940 ὃοῖ
300 1906 341 1940 C.
465 1905 509 1941 16
531 1906 709 1950 Λατῖνος]
734 1906 836 1940 immo
859 1908 1083 1947 Καλατῑνος.
1221 1906 1264 1942 17
1290 1903 1422 1951 εὑρών]
1447 1901 1538 1941 ἑλών
1564 1906 1608 1941 C.

221 1939 271 1988 23
297 1948 472 1992 εἰσιόντες
493 1951 568 1987 ΑΒ.
706 1950 845 1993 πάντες
867 1953 914 1989 C.

267 2053 322 2089 Eo
354 2057 510 2099 tempore
541 2065 618 2089 cum
647 2053 709 2089 alii
739 2053 874 2100 captivi
906 2058 981 2089 tum
1005 2053 1199 2098 Samnites,
1233 2064 1379 2099 quorum
1415 2054 1609 2100 complures

129 2098 176 2134 ad
198 2100 356 2134 navalem
381 2099 650 2135 instructionem
675 2104 868 2144 venerant,
906 2101 1038 2135 Romae
1061 2099 1222 2135 insidiari
1245 2100 1491 2134 decreverunt.
1540 2111 1609 2144 quo

129 2145 261 2181 Her-ius
288 2145 438 2180 Potilius
472 2145 681 2181 auxiliorum
713 2146 785 2181 dux
818 2147 977 2191 cognito,
1012 2158 1052 2181 se
1083 2147 1133 2181 eis
1157 2145 1319 2181 assentiri
1343 2146 1538 2189 simulavit,
1571 2150 1612 2180 ut

129 2191 244 2227 omnia
266 2203 385 2226 eorum
408 2191 554 2226 consilia
578 2197 822 2238 cognosceret.
870 2193 952 2238 quia
984 2203 1068 2227 vero
1098 2193 1156 2227 illa
1187 2192 1326 2227 deferre
1361 2203 1429 2226 non
1455 2197 1610 2238 poterat,

129 2250 152 2274 a
174 2237 392 2273 Samnitibus
416 2237 571 2284 undique
594 2239 849 2282 circumdatus,
881 2239 931 2273 eis
955 2239 1132 2293 persuasit
1154 2243 1211 2280 ut,
1237 2250 1314 2273 cum
1337 2244 1480 2273 senatus
1503 2238 1612 2272 habe-

129 2288 253 2328 retur,
279 2284 317 2319 in
339 2284 419 2319 foro
444 2285 626 2329 congressi
649 2285 932 2320 vociferarentur
954 2296 992 2319 ιιι
1015 2284 1233 2319 demetiendo
1256 2285 1430 2319 frumento
1452 2285 1611 2319 fraudem

129 2330 200 2365 sibi
225 2342 304 2366 esse
326 2331 466 2367 factam.
513 2331 610 2376 quod
631 2342 708 2365 cum
730 2331 783 2366 illi
803 2332 983 2372 fecissent,
1009 2331 1196 2366 arcessitus
1220 2336 1262 2366 ut
1283 2331 1453 2366 tumultus
1476 2337 1612 2371 auctor,

128 2375 277 2411 insidias
308 2376 485 2423 exposuit.
531 2388 575 2412 ac
611 2381 683 2412 tum
722 2377 863 2422 quidem
903 2377 1079 2412 seditione
1109 2377 1226 2423 sopita
1256 2377 1308 2412 illi
1340 2383 1422 2411 sunt
1457 2376 1610 2411 dimissiz

129 2428 238 2457 noctu
257 2433 362 2464 vero,
396 2433 473 2457 cum
506 2423 637 2469 quique
668 2423 796 2458 domini
831 2435 955 2459 servos
987 2435 1070 2458 suos
1101 2424 1467 2470 comprehendissent,
1501 2421 1612 2457 omnis

129 2467 324 2503 coniuratio
346 2467 518 2523 dissipata
539 2475 607 2507 est.
1456 2498 1459 2501 .

266 2514 439 2569 Sequenti
461 2519 597 2551 aestate
618 2515 766 2550 Romani
791 2520 828 2550 et
847 2515 1155 2560 Carthaginienses
1179 2515 1281 2550 simul
1306 2519 1342 2549 et
1365 2515 1401 2549 in
1426 2513 1551 2548 Sicilia
1576 2520 1612 2549 et

129 2560 168 2595 in
191 2559 357 2595 Sardium
387 2559 515 2596 bellum
538 2566 736 2607 gesserunt.
785 2562 910 2597 deinde
938 2573 1014 2596 cum
1046 2561 1178 2597 Atilius
1210 2562 1361 2596 Latinus
1397 2559 1611 2605 [Calatinus]

129 2606 170 2641 in
192 2605 348 2641 Siciliam
372 2606 530 2642 venisset
552 2612 659 2654 atque
683 2609 926 2644 Mutistratnm
960 2608 1081 2643 urbem
1115 2619 1137 2644 a
1157 2609 1264 2643 Floro
1299 2608 1477 2642 obsessam
1509 2606 1611 2640 inve-

133 2651 264 2696 nisset,
295 2651 478 2698 copiisque
501 2652 595 2688 illius
618 2665 702 2689 usus
726 2655 863 2690 moenia
887 2658 1122 2700 oppugnaret,
1152 2654 1316 2710 oppidani
1338 2653 1507 2699 principio
1526 2643 1610 2686 ‘curn

134 2696 488 2744 Carthaginiensibus
511 2699 544 2734 ei
566 2700 709 2735 fortiter
731 2701 958 2744 restiterunt,
997 2701 1059 2736 sed
1084 2703 1252 2736 uxoribus
1277 2705 1313 2734 et
1336 2700 1456 2734 liberis
1479 2698 1611 2734 lamen-

132 2742 310 2788 tantibus,
347 2745 475 2779 omissa
498 2745 725 2791 defensione,
761 2746 1116 2792 Carthaginiensibus
1148 2752 1254 2781 noctu
1278 2746 1467 2791 digressis,
1498 2745 1610 2791 primo

131 2787 280 2825 diluculo
303 2795 426 2836 portas
450 2790 544 2827 ultro
567 2798 794 2838 aperuerunt.
842 2804 963 2830 verum
985 2793 1133 2830 Romani
1155 2792 1309 2840 ingressi
1332 2791 1461 2828 nemini
1483 2802 1611 2839 peper-
