1820 3120
238 90 334 136 124
715 92 940 138 IOANNIS
974 93 1233 138 zoNARAE

233 204 360 248 λιπὼν
391 204 432 254 ἔς
462 203 556 256 τοὺς
589 207 783 264 Λοκροὺς
817 205 935 266 ἀπῄει
969 210 1128 265 σπουδῇ
1163 206 1224 249 δι’
1259 207 1550 267 ἑπιτομωτέρας
1578 207 1691 254 ὅδοῦ.

234 267 303 316 καῖ
336 274 377 315 ἐν
406 277 457 329 τῇ
477 275 657 331 Λοκρίδι
688 277 897 330 γενομένου
921 277 1046 319 αὐτοῦ
1068 273 1324 332 ὃεΡουφῖνος
1343 273 1566 334 ὑπέστρεψε
1588 278 1690 336 πρὸς

231 341 301 384 τὸν
323 339 535 396 Κρότωνα,
558 344 624 384 καὶ
647 345 789 386 λαθὼν
812 344 880 387 διά
902 362 943 387 τε
967 344 1012 387 τὸ
1030 341 1332 401 ἀπροσδόκητον
1349 345 1415 386 καὶ
1433 346 1494 388 δι’
1519 343 1689 402 ὁμίχλην

229 407 318 452 τότε
342 413 559 464 συμβᾶσαν
582 408 659 454 εἷλε
681 412 754 464 τὴν
779 410 907 455 πόλιν.
941 412 1091 466 μαθὼν
1114 412 1158 454 δὲ
1180 415 1298 454 τοῦτο
1313 410 1690 472 Νικόμαχος-ἀπῄει

230 480 286 527 εἷς
311 475 525 536 Τάραντα·
571 481 638 521 καὶ
668 480 708 522 ἓν
739 478 822 537 ὁδῷ
852 486 912 538 τῷ
927 480 1131 538 ζΡουφίνῳ
1153 479 1374 537 περιπεσὼν
1395 482 1568 532 πολλοὺς
1589 482 1722 526 ἀπ’-5

230 549 344 599 βαλε.
411 548 478 588 καὶ
504 547 542 589 οἷ
564 549 726 604 Λοκροὶ
749 554 831 598 τοῖς
847 547 1069 602 εΡωμαιόις
1090 547 1416 606 προσεχώρησαν.
1446 578 1457 584 -

368 618 441 672 Τῷ
472 615 513 656 δ’
540 613 631 669 ἑξῆς
663 616 739 657 ἔτει
755 615 952 669 ζΡωμαῖοι
983 614 1251 674 ἐστράτευσαν
1282 619 1338 667 εἷς
1359 616 1404 659 τὸ
1427 613 1601 659 Σαύνιον
1622 619 1691 660 καὶ

230 681 271 731 ἔς
291 683 532 724 Λευκανίδα
562 685 629 725 καὶ
654 685 858 739 Βρεττίοις
889 685 1149 738 ἐπολέμησαν.
1218 682 1240 726 ὃ
1268 685 1311 727 δὲ
1332 683 1501 740 Πύρρος
1521 688 1594 740 τῆς
1615 687 1691 727 Σι-

229 751 360 800 κελίας
384 750 558 793 ἐκπεσών
581 753 646 793 καὶ
669 751 900 794 ἐπανελθὼν
922 752 999 808 ἤδη
1026 755 1163 803 δεινῶς
1178 752 1325 802 αὐτοὺς
1342 751 1488 804 ἐλύπει,
1510 754 1578 795 καὶ
1596 752 1691 803 τοὺς

177 821 207 855 Β
230 819 303 871 μὲν
321 819 515 874 Λοκροὺς
537 820 748 873 ἐκομίσατο
775 820 862 875 (τὴν
878 821 957 878 γὰρ
977 821 1160 878 φρουρὰν
1174 825 1255 863 τῶν
1271 819 1486 875 (Ρωμαίων
1503 819 1687 864 ἀποκτεί-
1699 828 1746 864 10

229 903 367 935 ναντες
386 886 675 941 μετέστησαν),
714 888 777 928 ἐπὶ
813 889 856 930 δὲ
884 889 929 930 τὸ
955 886 1117 947 ςΒήγιον
1150 887 1395 945 στρατεύσας
1427 887 1689 946 ἀπεκρούσθη

230 955 297 995 καὶ
331 953 452 1003 αὐτὸς
485 953 646 1011 ἐτρώθη
678 955 744 996 καὶ
767 956 973 1005 πλείστους
996 956 1185 1010 ἀπέβαλε.
1251 957 1451 1010 μεταστὰς
1473 958 1518 1000 δὲ
1539 959 1596 1008 εἷς
1616 958 1691 1012 τὴν

231 1023 449 1078 Λοκρίδα,
496 1024 562 1064 καὶ
593 1027 672 1065 τῶν
705 1022 814 1081 αὐτῷ
837 1024 993 1066 ἐναντία
1017 1022 1304 1081 φρονησάντων
1326 1023 1547 1074 δικαιώσας
1564 1023 1690 1078 τινάς,

231 1089 344 1146 παρὰ
376 1094 455 1132 τῶν
489 1094 638 1132 λοιπῶν
669 1097 779 1134 σῖτον
811 1093 878 1134 καὶ
905 1090 1098 1148 χρήματα
1132 1093 1270 1146 ἔλαβε,
1308 1094 1375 1134 καὶ
1407 1095 1463 1143 εἷς
1494 1091 1689 1150 Τάραντα

230 1158 493 1213 ἀνεκομίσθη.
571 1163 704 1209 κακῶς
733 1160 777 1201 δὲ
809 1158 1027 1215 πάσχοντες
1060 1159 1139 1203 ὕπὸ
1170 1158 1385 1215 “Ρωμαίων
1422 1161 1462 1203 οἳ
1494 1163 1744 1205 Σαυνῖται15

229 1227 491 1282 ἐξαναστῆναι
530 1227 650 1269 αὐτὸν
686 1229 888 1282 ἐποίησαν.
967 1229 1101 1271 ἓλθὼν
1134 1230 1178 1271 δὲ
1214 1231 1269 1279 εἷς
1299 1229 1526 1287 ἐπικουρίαν
1558 1229 1691 1272 αὐτῶν

51 1300 98 1334 W
112 1300 149 1335 Π
161 1300 207 1336 50
230 1294 395 1351 ἐτράπη.
445 1295 671 1352 τρωθέντος
692 1295 767 1351 γὰρ
791 1295 927 1338 πώλου
952 1298 1166 1353 ἐλέφαντος
1181 1299 1247 1338 καὶ
1265 1297 1580 1351 ἀποσεισαμένου
1595 1298 1691 1348 τοὺς

228 1362 434 1417 ἀναβάτας
462 1363 810 1419 περιπλανωμένου
834 1381 874 1406 τε
899 1365 1003 1406 κατὰ
1028 1363 1187 1420 ζήτησιν
1209 1369 1282 1419 τῆς
1302 1364 1479 1423 μητρός,
1509 1365 1691 1420 κάκείνης

228 1434 290 1474 ἐπὶ
315 1430 444 1489 τούτῳ
466 1432 737 1487 ταραχθείσης
759 1434 824 1474 καὶ
847 1436 926 1475 τῶν
951 1432 1083 1475 ἄλλων
1107 1432 1334 1490 ἐλεφάντων
1355 1433 1688 1490 θορυβηθέντων,

171 1508 202 1543 C
228 1498 386 1558 φύρδην
410 1500 686 1554 ἀνεμίχθησαν
710 1499 879 1543 ἅπαντα.
931 1502 1043 1551 τέλος
1067 1502 1110 1543 δὲ
1129 1501 1166 1543 οἶ
1183 1500 1381 1556 εΡωμαῖόι
1399 1500 1744 1559 ἓπεκράτησαν,20

226 1568 398 1622 συχνοὺς
419 1569 718 1618 ἀποκτείναντες
740 1571 806 1610 καὶ
830 1569 934 1611 ὀκτὼ
956 1568 1110 1620 ἑλόντες
1132 1570 1362 1626 ἐλέφαντας,
1396 1572 1464 1612 καὶ
1486 1570 1532 1613 τὸ
1552 1568 1687 1626 χαρά-

226 1654 345 1691 κωμα
368 1637 559 1690 κατέσχον
582 1637 727 1678 αὐτῶν.
797 1634 818 1679 ὅ
841 1638 884 1679 δὲ
905 1637 1075 1694 Πύρρος
1099 1638 1172 1680 σὺν
1197 1639 1342 1693 ὀλίγοις
1365 1638 1523 1681 ἱππεῦσι
1547 1639 1687 1695 διέφυ-

227 1721 292 1761 γεν
316 1708 370 1756 εἷς
392 1705 461 1748 τὸν
487 1703 704 1760 Τάραντα,
742 1706 893 1747 ἐκεῖθεν
917 1707 961 1748 δὲ
983 1708 1040 1756 εἷς
1062 1706 1135 1760 τὴν
1149 1706 1343 1763 ’Ἰίπειρον
1365 1699 1608 1749 ἀπέπλευσεν
1633 1704 1689 1756 ὥς

319 1822 342 1856 8
365 1819 525 1856 λευκάδα
550 1823 592 1857 C.
703 1823 747 1857 12
771 1819 816 1857 δ’
838 1823 880 1858 C.
985 1824 1029 1859 15
1050 1819 1124 1857 ὑπὸ
1148 1825 1192 1867 A,
1217 1819 1292 1858 ἀπὸ
1314 1825 1401 1859 PW.
1494 1822 1539 1859 17
1561 1820 1687 1858 πώλου

320 1870 476 1914 (πολλου
499 1869 547 1913 Β)
569 1865 779 1912 τρωθέντος
803 1866 874 1913 γάρ
897 1863 1095 1912 ἐλέφαντος
1117 1869 1223 1904 ABG.
1361 1867 1425 1904 καὶ
1447 1880 1501 1905 om
1524 1869 1566 1905 A.

229 1971 323 2004 serta
346 1980 411 2014 per
428 1969 518 2005 viam
539 1970 732 2004 breviorem
754 1969 913 2004 celeriter
933 1970 1066 2004 Locros
1088 1970 1278 2009 contendit,
1326 1982 1393 2016 quo
1417 1982 1491 2006 cum
1507 1971 1689 2016 pervenis-

226 2020 294 2058 set,
318 2014 463 2050 Rufinus
486 2027 655 2050 converso
679 2017 722 2050 ad
739 2017 926 2051 Crotonem
949 2016 1085 2060 itinere,
1110 2017 1408 2051 animadvertente
1423 2017 1569 2061 nemine,
1593 2017 1687 2061 quod

227 2063 264 2095 et
286 2068 426 2106 praeter
449 2062 739 2106 exspectationem
763 2063 883 2096 aderat
905 2065 942 2096 et
964 2063 1090 2097 nebula
1113 2067 1333 2107 conspectum
1354 2062 1540 2108 eripuerat,
1564 2063 1688 2097 urbem

227 2107 334 2151 cepit.
382 2119 449 2153 quo
473 2108 700 2142 Nicomachus
724 2108 861 2153 cognito
890 2109 1081 2142 Tarentum
1104 2108 1297 2152 rediturus,
1329 2119 1402 2142 cum
1436 2108 1472 2141 in
1502 2108 1627 2142 itinere
1647 2108 1686 2142 in

225 2152 388 2187 Rufinum
411 2153 603 2197 incidisset,
626 2155 751 2188 multos
774 2154 901 2188 amisit.
948 2153 1055 2188 Locri
1079 2155 1121 2188 ad
1146 2153 1318 2188 Romanos
1339 2164 1377 2187 se
1401 2153 1629 2190 contulerunt.
1691 2173 1693 2175 >

365 2200 541 2243 Sequente
575 2211 663 2233 anno
698 2199 861 2245 Romanis
893 2206 1013 2233 contra
1046 2199 1219 2233 Samnium
1252 2205 1289 2234 et
1313 2199 1500 2234 Lucaniam
1538 2199 1686 2244 egressis

224 2245 386 2290 belloque
409 2245 563 2279 Bruttios
601 2246 732 2279 adortis
766 2245 922 2289 Pyrrhus
946 2245 1068 2279 Sicilia
1099 2245 1261 2290 expulsus
1285 2250 1322 2280 et
1344 2245 1381 2279 in
1404 2245 1540 2279 Italiam
1562 2255 1688 2280 rever-

225 2302 284 2326 sus
307 2291 537 2336 permolestus
563 2292 641 2325 suit.
687 2291 841 2335 Locros,
872 2291 933 2336 qui
954 2292 1108 2325 Romano
1139 2290 1312 2335 praesidio
1345 2301 1444 2324 caeso
1473 2291 1686 2334 defecerant,

224 2337 368 2383 recepit.
416 2337 477 2371 sed
500 2348 520 2370 a
544 2337 671 2381 Rhegii
703 2337 960 2382 oppugnatione
994 2337 1152 2381 repulsus
1180 2340 1218 2370 et
1249 2336 1324 2382 ipse
1348 2337 1548 2371 vulneratus
1573 2340 1626 2370 est
1648 2341 1686 2370 et

224 2383 351 2417 multos
375 2382 499 2417 milites
522 2383 649 2418 amisit.
696 2383 777 2416 inde
801 2383 836 2416 in
858 2382 1039 2416 Locridem
1062 2382 1251 2427 profectus,
1276 2389 1310 2417 et
1333 2382 1534 2427 quibusdam
1558 2382 1687 2416 adver-

222 2439 283 2463 sae
306 2428 464 2463 factionis
490 2429 660 2471 multatis,
691 2430 933 2474 frumentoque
962 2431 999 2462 et
1019 2428 1163 2473 pecunia
1188 2439 1208 2462 a
1231 2428 1379 2462 caeteris
1403 2427 1580 2472 acceptis,
1610 2427 1687 2461 Ta-

221 2480 359 2509 rentum
393 2475 510 2510 rediit.
564 2486 585 2508 a
608 2475 841 2518 Samnitibus,
873 2485 960 2519 quos
981 2473 1128 2508 Romani
1160 2473 1317 2517 graviter
1339 2474 1529 2517 urgebant,
1562 2473 1598 2506 in
1621 2483 1685 2507 au-

222 2521 338 2554 xilium
360 2525 546 2564 evocatus,
579 2521 615 2554 in
638 2521 752 2564 fugam
775 2531 895 2554 versus
920 2523 983 2554 est.
1028 2530 1106 2553 nam
1129 2530 1204 2553 cum
1228 2519 1339 2563 pullus
1362 2518 1536 2565 elephanti
1559 2518 1686 2552 vulne-

223 2572 321 2601 ratus
352 2567 545 2601 sessoribus
576 2566 728 2600 excussis
762 2571 902 2600 matrem
935 2565 1062 2610 passim
1091 2569 1298 2609 quaereret,
1337 2576 1448 2609 eaque
1479 2565 1685 2609 perturbata

225 2613 330 2646 etiam
365 2613 495 2646 caeteri
527 2612 699 2658 elephanti
731 2612 897 2646 concitati
928 2615 1062 2652 essent,
1093 2610 1167 2644 sine
1193 2610 1386 2645 discrimine
1417 2610 1580 2655 permista
1600 2614 1684 2643 sunt

224 2657 347 2693 omnia.
403 2659 464 2692 sed
499 2659 638 2692 tandem
671 2658 818 2691 Romani
850 2657 966 2691 multis
997 2656 1118 2691 occisis
1152 2660 1190 2690 et
1219 2659 1297 2690 octo
1331 2655 1524 2701 elephantis
1558 2654 1683 2701 captis,

224 2703 347 2738 castris
378 2704 482 2737 etiam
506 2704 633 2749 potiti,
663 2703 832 2738 vicerunt.
879 2703 1036 2747 Pyrrhus
1061 2713 1144 2735 vero
1168 2713 1240 2736 cum
1263 2701 1384 2746 paucis
1408 2701 1583 2746 equitibus
1607 2701 1683 2734 Ta-

223 2755 357 2785 rentum
379 2749 512 2795 refugit
535 2754 639 2796 atque
661 2749 741 2786 inde
761 2749 795 2783 in
818 2749 963 2795 Epirum
986 2747 1167 2794 navigavit
1189 2752 1228 2782 ut
1247 2747 1434 2792 rediturum
1460 2747 1591 2782 Milone
1605 2757 1683 2781 cum
