1820 3120
275 101 379 150 414
777 84 1007 143 lemme
1034 98 1298 143 zoNARAE

274 214 385 260 λειάν
405 230 450 258 τε
473 212 587 274 αὐτῷ
607 214 676 256 καὶ
699 218 785 263 τοῖς
809 210 1039 267 ὅμοτέχνοις
1064 217 1149 262 τοῖς
1172 205 1266 256 οὖσί
1284 229 1326 256 τε
1349 214 1417 256 καὶ
1441 213 1754 270 τοΐς·ἔσομένοις

272 284 535 341 παρέσχοντο.
613 280 720 325 οὕτω
757 281 801 324 δὲ
836 282 987 331 σωθεὶς
1022 282 1078 331 εἷς
1112 279 1159 323 τὸ
1196 281 1403 338 συνέδριον
1436 281 1512 334 τὰς
1545 281 1754 339 διαθήκας

273 351 470 408 εῗσήνεγκε
483 383 496 404 ,
527 351 595 393 καὶ
633 350 948 406 ἀναγνωσθῆναι
984 349 1218 406 ἐπέτρεπεν,
1251 347 1632 404 ἔνδεικνῦμενοςᾈῧει
1652 352 1753 396 οὖδ-

272 420 343 464 ένα
386 424 460 476 τῆς
501 419 632 478 ἀρχῆς
670 418 866 473 διάδοχον
897 418 1204 462 καταλέλοιπεν·
1247 418 1295 460 οὗ
1333 418 1471 473 μέντοι
1502 421 1575 464 καὶ
1600 420 1752 478 ἀνέγνω
1788 418 1791 419 ’

271 486 400 540 αὐτάς
423 506 498 538 τις.
1761 493 1786 529 ⁵

407 559 554 612 Λιμοῦ
586 555 631 598 δὲ
662 558 719 613 τῷ
753 552 847 609 ἑξῆς
877 551 953 596 ἴτει
984 555 1052 595 καὶ
1086 557 1235 607 λοιμοῦ
1264 553 1475 611 γενομένου
1506 555 1550 598 ἓν
1569 551 1681 612 πάσῃ
1703 559 1755 613 τῇ

84 635 113 669 P
136 635 155 669 1
180 634 249 670 535
268 626 443 686 Ἰταλίᾳ,
478 626 714 679 νομίσαντες
743 623 781 665 οἶ
807 621 1000 676 Ῥωμαῖοι
1033 622 1106 665 οὐκ
1140 622 1275 674 ἄλλως
1306 628 1437 667 ταῦτα
1458 624 1756 679 συμβεβηκέναι

271 694 300 751 ἢ
335 688 398 737 ὅτι
429 693 487 749 μὴ
522 694 589 735 καὶ
619 690 710 735 τότε
732 689 985 734 ὑπατεύοντα
1007 691 1078 733 τὸν
1100 690 1344 747 Αὔγουστον
1369 691 1500 748 ἴσχον,
1534 690 1756 750 δικτάτορα

273 763 397 806 αὐτὸν
414 762 624 818 ἠθέλησαν
642 758 1007 817 προχειρίσασθαι,
1031 761 1098 802 καὶ
1121 760 1194 815 τὴν
1218 760 1374 817 βουλὴν
1397 763 1454 812 εἲς
1475 760 1522 804 τὸ
1546 761 1756 819 συνέδριον

273 833 606 880 κατακλείσαντες
628 828 862 884 ἠνάγκασαν
884 834 1003 871 τοῦτο
1028 830 1313 887 ψηφίσασθαι.
1383 832 1452 872 καὶ
1482 829 1594 888 αὐτῷ
1623 836 1785 888 προσ-1

271 904 405 956 ῆλθον
437 891 619 954 δεόμενοι
643 901 838 952 λεχθῆναι
862 896 1082 954 δικτάτορα
1105 899 1173 940 καὶ
1195 903 1268 951 τῆς
1290 902 1364 942 τοῦ
1386 899 1499 942 σίτου
1521 903 1758 956 συναγωγῆς

274 966 529 1023 ἐπιμελητήν.
599 968 666 1009 καὶ
701 965 747 1017 ὃς
780 966 854 1021 τὴν
885 967 959 1020 μὲν
989 970 1063 1009 τοῦ
1095 969 1207 1010 σίτου
1241 969 1440 1023 φροντίδα
1462 967 1645 1027 ἐδέξατο,
1680 967 1757 1023 τὴν

275 1038 533 1094 δικτατορίαν
556 1036 601 1078 δὲ
624 1036 672 1078 οὗ
697 1034 954 1091 προσήκατο,
990 1034 1084 1077 ἀλλ’
1119 1037 1202 1078 ἐπεὶ
1232 1033 1334 1090 μήτε
1367 1033 1650 1092 διαλεγόμενος
1679 1036 1758 1079 αὗ·-

272 1112 357 1157 τοῖς
388 1104 490 1160 μήτε
524 1103 713 1158 δεόμενος
746 1103 909 1156 ἔπειθε,
944 1103 1018 1159 τὴν
1051 1104 1208 1159 ἐσθῆτα
1240 1104 1469 1161 διέρρηξεν
1504 1105 1645 1162 ὀρθῶς
1675 1104 1755 1162 γὰρ

273 1176 342 1216 καὶ
365 1177 539 1224 συνετῶς
559 1173 605 1216 τὸ
629 1173 801 1227 μισητὸν
825 1177 898 1228 τῆς
920 1171 1165 1228 ἐπικλήσεως
1183 1172 1412 1230 ἐφυλάξατο
1431 1174 1498 1216 καὶ
1516 1174 1753 1231 ἐπίφθονον,
1765 1178 1812 1216 15

220 1252 249 1285 Β
272 1241 374 1301 ὖπέρ
397 1242 494 1292 τοὺς
517 1240 759 1298 δικτάτορας
783 1241 884 1295 ἔχων
908 1241 982 1296 τὴν
1005 1243 1190 1292 ἐξουσίαν
1212 1243 1279 1284 καὶ
1302 1241 1378 1297 τὴν
1399 1240 1533 1298 τιμήν.
1590 1243 1757 1301 ἐπιβου-

271 1312 348 1366 λὴν
373 1313 417 1354 δὲ
440 1311 533 1354 κατ’
563 1310 691 1354 αὐτοῦ
713 1310 1027 1365 συστησαμένων
1050 1314 1182 1362 τινῶν,
1214 1311 1334 1354 αὐτοί
1350 1327 1394 1354 τε
1417 1312 1485 1354 καὶ
1506 1310 1546 1354 οἳ
1568 1309 1757 1367 συνωμό-

271 1397 340 1422 ται
372 1378 528 1438 ἒρήμην
559 1379 725 1435 ἥλωσαν
758 1377 813 1430 ὡς
845 1378 1106 1436 φευξόμενοι,
1143 1379 1191 1422 οὗ
1223 1383 1363 1438 πολλῷ
1395 1381 1439 1422 δ’
1471 1378 1642 1437 ὕστερον
1673 1379 1754 1423 o'zw-

273 1447 523 1507 εσφάγησαν.

411 1517 482 1560 34.
549 1515 676 1559 Μετὰ
704 1519 835 1558 ταῦτα
870 1514 910 1556 δ’
950 1516 1006 1566 εἲς
1029 1515 1215 1558 Σικελίαν
1245 1509 1366 1570 ἦλθε.
1434 1514 1556 1559 κάκεῖ
1582 1514 1698 1567 ὄντος
1730 1508 1813 1559 526

272 1587 404 1640 δῆμος
434 1590 515 1628 τῶν
543 1583 756 1638 Ῥωμαίων
785 1583 882 1633 τοὺς
912 1581 1093 1634 ὖπάτους
1124 1587 1366 1641 χειροτονῶν
1400 1583 1652 1637 ἐστασίασεν,
1699 1582 1756 1636 ὥς

269 1653 491 1696 κάντεῦθεν
524 1655 739 1708 δειχθῆναι
771 1651 832 1695 ὅτι
868 1650 1069 1695 ἀδύνατον
1092 1647 1143 1707 ἦν
1177 1653 1584 1710 δημοκρατουμένους
1606 1653 1757 1704 αὐτοὺς
1819 1655 1820 1665 ³

270 1726 471 1777 σωθῆναι.
532 1721 639 1765 οὕτω
663 1721 743 1778 γὰρ
767 1719 1030 1778 ἐθορύβησαν
1053 1723 1121 1763 καὶ
1144 1719 1304 1764 ἅπαντα
1327 1719 1617 1780 συνετάραξαν,
1651 1720 1755 1766 ὥστε

361 1829 383 1863 1
407 1839 447 1864 τε
471 1829 619 1864 alterum
643 1829 713 1864 add
735 1828 780 1864 A.

405 1898 580 1977 {gunzs-
631 1898 720 1943 Gap.
755 1896 814 1934 34.
864 1896 994 1931 Dionis
1018 1896 1200 1932 Historiae
1224 1896 1411 1933 Romanae
1441 1897 1504 1933 lib.
1527 1897 1576 1935 54
1607 1909 1639 1933 ο.
1661 1897 1686 1934 6
1709 1916 1755 1924 -·
1818 1901 1820 1904 “

363 1955 394 1978 c-
473 1971 482 1979 .

269 2034 341 2080 ipsi
375 2036 413 2068 et
445 2032 590 2067 medicis
624 2032 782 2067 omnibus
814 2035 853 2067 et
884 2035 956 2068 tum
987 2032 1081 2067 etin
1106 2036 1284 2079 posterum
1307 2034 1403 2069 deta.
1451 2034 1502 2070 ita
1525 2037 1755 2070 conservatus

269 2084 518 2114 testamentum
541 2079 578 2112 in
605 2080 788 2113 concilium
813 2079 946 2113 illatum
971 2079 1114 2114 recitari
1137 2079 1254 2124 iussit,
1277 2086 1317 2114 ut
1340 2080 1542 2115 ostenderet
1562 2092 1603 2116 se
1625 2081 1755 2116 nullum

269 2137 506 2160 successorem
531 2125 735 2170 scripsisse:
760 2125 821 2159 sed
847 2125 883 2159 id
908 2137 930 2159 a
953 2125 1089 2160 nemine
1114 2124 1239 2160 lectum
1265 2130 1331 2162 eet.

406 2172 508 2206 Anno
542 2172 707 2216 sequenti
733 2183 807 2206 cum
833 2176 936 2216 peste
959 2176 998 2206 'et
1022 2173 1115 2206 fame
1140 2183 1206 2217 per
1227 2175 1337 2206 totam
1361 2171 1496 2206 Italiam
1521 2172 1754 2216 laboraretur,

266 2216 418 2252 Romani
453 2217 638 2263 opinantes
671 2229 739 2251 non
774 2217 876 2252 aliam
912 2229 1032 2252 eorum
1063 2217 1228 2252 malorum
1262 2230 1340 2252 esse
1371 2229 1511 2252 causam
1536 2229 1638 2263 quam
1661 2218 1755 2263 quod

266 2267 448 2309 Augustus
478 2268 553 2297 tum
587 2274 727 2308 quoque
752 2264 872 2298 consul
895 2275 963 2299 non
987 2268 1128 2298 creatus
1155 2267 1269 2304 esset,
1302 2264 1511 2298 dictatorem
1535 2275 1612 2299 eum
1636 2264 1754 2298 dicere

266 2311 469 2354 voluerunt,
495 2314 531 2343 et
554 2314 712 2343 senatum
735 2308 772 2343 in
797 2310 894 2344 curia
917 2310 1114 2344 conclusum
1138 2310 1204 2344 hoc
1227 2310 1418 2344 decernere
1435 2313 1637 2355 coegerunt,
1661 2321 1755 2344 eum-
1782 2316 1786 2319 “

267 2365 335 2401 que
361 2359 510 2390 orarunt
543 2359 583 2389 ut
616 2360 652 2389 et
682 2355 891 2390 dictatorem
924 2361 962 2390 et
986 2356 1039 2390 rei
1062 2356 1310 2390 frumentariae
1334 2361 1597 2400 procuratorem
1619 2367 1659 2390 se
1683 2355 1755 2390 dici

265 2406 461 2448 pateretur.
509 2402 540 2435 is
567 2412 653 2434 vero
678 2411 838 2435 annonae
862 2402 1076 2440 curationem
1100 2401 1267 2446 suscepit,
1295 2402 1506 2436 dictaturam
1528 2401 1754 2447 repudiavit3

267 2454 303 2482 et
329 2460 406 2482 curn
431 2458 546 2493 neque
568 2447 800 2481 dissuadendo
826 2459 941 2492 neque
971 2448 1128 2492 rogando
1159 2448 1342 2493 quicquam
1373 2448 1587 2493 proficeret,
1619 2452 1754 2482 vestem

265 2505 361 2528 suam
387 2494 582 2537 laceravit,
608 2500 706 2526 recte
729 2493 988 2539 prudenterque
1013 2495 1126 2528 vitato
1149 2493 1264 2527 inviso
1289 2498 1325 2527 et
1349 2494 1468 2528 odioso
1492 2494 1650 2537 nomine,
1676 2505 1753 2527 cum

267 2540 475 2583 dignitatem
507 2543 543 2573 et
573 2544 784 2583 potestatem
817 2540 990 2574 dictatura
1023 2539 1236 2584 superiorem
1261 2540 1452 2574 obtineret.
1501 2539 1658 2584 quidam,
1690 2538 1753 2584 qui

265 2585 413 2619 insidias
439 2585 472 2618 ei
496 2590 752 2629 compararant,
778 2585 910 2619 indicta
933 2596 1039 2620 causa
1062 2585 1183 2619 exsilio
1207 2585 1347 2619 multati
1369 2597 1434 2619 nec
1456 2585 1564 2620 multo
1585 2590 1668 2631 post
1683 2595 1752 2619 unu.

267 2642 345 2665 cum
370 2631 559 2665 coniuratis
583 2631 764 2664 interfecti
785 2636 880 2665 sunt.

406 2676 465 2710 34.
512 2677 648 2710 Deinde
674 2688 750 2711 cum
773 2677 812 2710 in
836 2676 958 2711 Sicilia
982 2677 1137 2720 abesset,
1160 2675 1198 2710 in
1221 2675 1371 2710 comitiis
1393 2674 1633 2711 consularibus
1656 2674 1752 2709 sedi-

267 2722 320 2755 tio
356 2728 435 2756 orta
471 2727 541 2756 est:
575 2727 615 2756 ut
637 2722 695 2757 vel
720 2734 763 2756 ex
785 2734 827 2757 eo
851 2723 1072 2768 perspicuum
1098 2727 1193 2756 esset
1215 2722 1391 2756 Romanos
1413 2722 1526 2756 libera
1547 2733 1589 2755 re
1610 2719 1750 2766 publica

269 2768 457 2802 incolumes
482 2780 560 2802 esse
586 2779 655 2803 non
681 2780 799 2814 posse.
822 2769 876 2804 ita
899 2769 992 2803 enim
1013 2767 1210 2803 tumultuati
1234 2772 1328 2811 sunt,
1352 2768 1403 2803 ita
1421 2768 1609 2803 turbarunt
1624 2766 1751 2811 omnia,
