1794 3120
265 130 335 176 40
736 133 960 178 IOANNIS
994 132 1251 178 ZONARAE

252 244 414 301 -σημεΐᾶ
442 263 530 290 τινα
560 248 759 303 δηλωτικὰ
795 251 867 303 τῆς
901 245 1144 298 ἐκπτώσεως.
1221 247 1262 290 ἔκ
1298 264 1340 289 τε
1371 248 1449 302 γὰρ
1478 252 1550 291 τοῦ
1582 246 1711 303 κήπου

268 316 394 358 αὐτοῦ
421 319 540 371 γῦπες
572 316 759 367 νεοσσοὺς
789 314 987 369 ἐξήλασαν
1017 315 1165 367 ἀετῶν,
1208 316 1274 357 καὶ
1298 315 1340 365 ἐξ
1362 314 1582 371 ἀνδρῶνος,
1616 317 1658 358 ἓν
1679 311 1712 375 ᾧ

264 388 511 427 συνειστιᾶτο
535 384 687 441 φίλοις,
719 383 812 441 ὄφις
833 383 957 439 μέγας
979 383 1181 439 ἐπιφανεὶς
1203 380 1323 425 αὐτόν
1344 399 1386 425 τε
1408 384 1475 425 καὶ
1495 383 1591 435 τοὺς
1611 399 1712 427 συσ-

263 451 399 501 σίτους
419 452 594 507 ἐξέβαλε.
637 450 704 495 διά
724 469 786 495 τοι
807 456 936 495 ταῦτα
958 451 999 501 ἐς
1015 451 1204 508 Δελφοὺς
1223 452 1343 493 Τίτον
1359 467 1402 493 τε
1417 452 1483 492 καὶ
1495 450 1713 509 Ἀρροῦντα

262 519 359 569 τοὺς
379 519 492 572 υἱοὺς
513 519 679 575 ἴπεμψε.
719 525 793 564 τοῦ
815 521 859 562 δὲ
875 517 1125 569 Ἀπόλλωνος
1140 516 1368 574 χρήσαντος
1387 516 1476 560 τότε
1493 522 1566 574 τῆς
1586 519 1746 576 ἀρχῆς5

264 586 519 631 ἐκπεσεῖσθαι
543 588 664 631 αὐτὸν
688 587 752 631 ὅτε
776 586 882 631 κύων
903 587 1138 643 ἀνθρωπίνῃ
1163 591 1279 642 φωνῇ
1295 584 1507 641 χρήσαιτο,
1540 586 1716 643 ἀγαθαῖς

264 653 416 698 ἐλπίσιν
435 654 594 713 ᾐώρητο
603 687 616 708 ‚
650 655 708 711 μὴ
733 657 884 711 οἰηθείς
905 671 998 697 ποτε
1019 654 1207 710 γενέσθαι
1228 653 1273 696 τὸ
1295 652 1516 708 μάντευμα.

217 753 246 786 C
398 749 480 798 Ἠν
511 757 555 799 δὲ
585 755 768 807 Λούκιος
783 753 944 805 Ἰούνιος
973 754 1151 812 ἀδελφῆς
1179 757 1253 796 τοῦ
1277 755 1502 808 Ταρκυνίου
1524 751 1634 808 υἱός,
1668 749 1718 799 οὗ

264 820 334 864 τὸν
365 823 518 878 πατέρα
549 826 615 865 καὶ
645 824 715 866 τὸν
748 822 922 880 ἀδελφὸν
953 821 974 865 ὃ
1001 820 1225 878 Ταρκύνιος
1255 820 1431 864 ἔκτεινεν.
1467 861 1469 863 .
1498 816 1614 883 οὗτος
1645 818 1715 867 οὗν

265 890 332 930 καὶ
355 892 443 946 περὶ
475 889 605 948 ἑαυτῷ·
627 891 814 940 δεδοικὼς
835 891 990 946 μωρίαν
1011 888 1354 946 προσεποιήσατο,
1395 888 1544 945 ταύτην
1568 888 1713 934 ἑαυτοῦ
1725 897 1770 933 10

264 955 591 1012 προστησάμενος
621 955 836 1010 σώτειραν·
872 956 933 998 διὸ
965 958 1030 998 καὶ
1054 959 1235 1011 Βροῦτος
1264 955 1488 1013 ἐπεκλήθη·
1521 957 1617 1008 τοῦς
1636 959 1715 1014 γὰρ

267 1021 426 1078 εὐήθεις
457 1024 562 1068 οὕτω
594 1032 678 1076 τοῖς
698 1025 895 1075 Λατίνοις
926 1023 1022 1074 ἔθος
1052 1027 1197 1066 καλεῖν.
1265 1023 1535 1079 πλαττόμενος
1554 1020 1626 1068 οὖν
1647 1027 1718 1070 τὸν

265 1093 518 1149 μωραίνοντα
528 1125 541 1144 ,
593 1099 676 1143 τοῖς
707 1097 779 1136 τοῦ
814 1092 1039 1148 Ταρκυνίου
1073 1093 1209 1133 παισὶν
1241 1093 1297 1142 εἷς
1330 1092 1523 1150 Δελφοὺς
1555 1091 1718 1137 ἃπιοῦσι

267 1159 597 1217 συμπαρελήφθη
630 1159 684 1210 ὥς
705 1160 888 1216 ἄθυρμα.
956 1157 977 1201 ὃ
1004 1160 1046 1201 δὲ
1069 1160 1135 1200 καὶ
1160 1157 1355 1214 ἀνάθημα
1378 1160 1512 1217 φέρειν
1532 1159 1637 1218 ἔλεγε
1659 1166 1718 1220 τῷ

267 1231 375 1285 θεῷ·
410 1229 456 1271 τὸ
481 1229 522 1270 δ’
549 1225 598 1283 ἦν
619 1226 793 1285 βάκτρον
815 1245 853 1269 τι
867 1228 991 1281 μηδὲν
1009 1228 1051 1268 ἐκ
1069 1231 1141 1268 τοῦ
1161 1228 1401 1284 φαινομένου
1422 1227 1511 1282 {figor
1524 1227 1715 1286 χρηστόν,
1727 1231 1771 1268 15

269 1294 367 1338 ὅθεν
399 1298 464 1338 καὶ
492 1297 554 1338 ἐπὶ
576 1294 704 1353 τούτῳ
728 1295 950 1352 ὠφλίσκανε
971 1295 1135 1350 γέλωτα.
1202 1295 1247 1337 τὸ
1272 1296 1315 1337 ‹5'
1341 1290 1390 1350 ἦν
1413 1294 1498 1338 οἷον
1520 1296 1635 1340 εἲκών
1655 1315 1717 1349 τις

266 1367 338 1417 τῆς
360 1364 453 1406 κατ’
480 1363 602 1407 αὐτὸν
623 1361 946 1420 προσποιήσεως·
967 1360 1153 1412 κοιλάνας
1173 1354 1250 1419 γᾶρ
1276 1363 1375 1406 αὐτὸ
1398 1362 1536 1420 λάθρα
1548 1367 1717 1422 χρυσίον

214 1435 246 1469 D
269 1431 427 1484 ἐνέχεεν,
453 1430 742 1485 ἐνδεικνύμενος
766 1431 822 1472 δι’
849 1430 974 1472 αὐτοῦ
996 1428 1050 1480 ὥς
1073 1432 1138 1489 καὶ
1162 1429 1207 1472 τὸ
1231 1429 1419 1487 φρόνημα
1441 1431 1552 1489 αὖτῷ
1572 1437 1631 1491 τῷ
1645 1437 1718 1489 τῆς

265 1500 422 1555 μωρίας
446 1499 574 1556 ἀτίμῳ
598 1503 702 1542 σῶον
724 1501 788 1540 καὶ
812 1497 967 1551 ἔντιμον
989 1495 1316 1554 κατακρύπτεται.
1361 1500 1556 1555 ἐρομένων
1578 1502 1622 1544 δὲ
1636 1505 1716 1544 τῶν

269 1568 497 1624 Ταρκυνίου
518 1567 616 1610 υἱῶν
638 1568 698 1617 τίς
718 1566 790 1621 τὴν
811 1566 1017 1620 βασιλείαν
1039 1571 1111 1608 τοῦ
1133 1565 1285 1622 πατρὸς
1306 1564 1553 1620 διαδέξεται,
1596 1568 1715 1627 ἴχρη-
1725 1580 1772 1614 20

268 1651 335 1677 σεν
367 1633 386 1677 ὅ
424 1633 542 1687 θεός,
575 1635 643 1678 τὸν
673 1639 831 1691 πρῶτον
853 1633 924 1688 τὴν
944 1634 1096 1690 μητέρα
1121 1633 1345 1690 φιλήσαντα
1367 1635 1412 1678 τὸ
1434 1634 1582 1692 κράτος
1603 1637 1715 1688 ἕξειν.

358 1766 379 1799 1
403 1776 486 1798 τινα
509 1776 562 1799 om
583 1763 627 1800 C.
773 1764 795 1796 3
819 1758 1000 1805 ἐπιφανὴς
1021 1763 1062 1795 A.
1213 1762 1236 1794 4
1258 1759 1424 1802 ἀροῦντα
1445 1764 1486 1799 Α.
1628 1766 1650 1800 5
1673 1761 1715 1799 δὲ

360 1821 414 1843 om
438 1810 481 1845 A.
572 1810 594 1845 6
617 1806 723 1852 φωνὴ
746 1805 963 1851 ἀνθρωπίνη
990 1806 1030 1843 Α.
1126 1805 1151 1841 8
1165 1799 1235 1840 Ἦν
1257 1804 1299 1840 δὲ
1322 1804 1479 1850 Λούκιος
1493 1805 1649 1850 Ἰούνιος
1669 1829 1716 1837 -

358 1866 395 1899 p.
417 1854 460 1889 41
485 1866 520 1889 v.
546 1858 566 1890 2
589 1853 715 1898 κρίνας
735 1850 860 1897 ὀρθῶς
881 1856 1078 1897 excerptum
1102 1852 1302 1886 Vaticanum
1326 1852 1359 1889 7.
1497 1857 1538 1889 11
1559 1866 1675 1898 προστ
1700 1874 1717 1881 -

358 1896 512 1943 σόμενος
533 1900 575 1934 C.
721 1900 764 1934 15
788 1895 829 1933 τὸ
853 1894 892 1932 δ’
916 1890 964 1940 ἧν
987 1917 1030 1923 -
1053 1893 1191 1942 ’γέλωτα
1215 1909 1267 1931 om
1289 1897 1332 1933 A.
1484 1899 1528 1936 17
1553 1897 1712 1946 εἰσποιη,

359 1955 447 1985 σεως
468 1946 511 1980 Β.
647 1945 693 1981 18
715 1941 817 1990 αὐτῷ
838 1954 889 1977 om
912 1942 955 1978 A.
1093 1943 1136 1978 19
1160 1943 1233 1978 τῶν
1254 1943 1379 1987 BCW,
1404 1943 1472 1979 τοῦ
1491 1945 1532 1980 Ρ.

269 2055 377 2089 hortis
411 2057 483 2090 eius
516 2057 626 2099 pullos
658 2057 843 2101 aquilarum
870 2056 1090 2102 expulerunt,
1116 2060 1151 2090 et
1172 2056 1292 2101 anguis
1313 2057 1435 2101 ingens
1460 2069 1481 2091 e
1502 2057 1659 2093 conclavi
1677 2060 1715 2095 in

270 2112 338 2145 quo
360 2112 434 2135 cum
460 2103 576 2136 amicis
598 2104 849 2136 convivabatur
872 2107 909 2135 et
929 2102 1037 2146 ipsum
1062 2106 1098 2136 et
1120 2102 1287 2136 convivas
1310 2102 1456 2147 fugavit.
1504 2102 1547 2137 iis
1569 2103 1613 2139 de
1633 2116 1715 2140 cau-

268 2147 318 2179 sis
342 2147 461 2181 Titum
492 2151 527 2181 et
554 2147 715 2182 Aruntem
739 2148 828 2181 filios
850 2147 1003 2192 Delphos
1033 2147 1137 2182 misit.
1182 2147 1304 2191 quibus
1326 2158 1399 2181 cum
1422 2147 1543 2193 Apollo
1572 2161 1719 2196 respon-

210 2191 213 2197 '
268 2191 378 2224 disset
401 2197 471 2226 tum
497 2204 572 2226 eum
595 2193 771 2238 imperium
798 2193 995 2227 amissurum
1016 2204 1091 2227 cum
1114 2192 1206 2226 canis
1228 2192 1373 2227 humana
1401 2204 1486 2228 voce
1507 2194 1717 2241 loqueretur,

268 2247 333 2281 spe
355 2238 448 2271 bona
469 2237 537 2272 sibi
558 2238 730 2273 blanditus
755 2243 820 2280 est,
843 2249 1013 2283 nunquam
1034 2238 1068 2271 id
1092 2238 1262 2272 oraculum
1286 2242 1485 2274 eventurum
1508 2242 1617 2277 ratus.

294 2352 295 2359 ἵ
403 2314 494 2348 Erat
526 2318 640 2349 autem
662 2315 703 2348 L.
731 2315 847 2349 Iunius
870 2315 1001 2350 sororis
1025 2315 1208 2360 Tarquinii
1240 2315 1353 2358 filius,
1389 2315 1486 2350 cuius
1519 2322 1651 2363 patrem
1682 2324 1720 2353 et

269 2360 413 2393 fratrem
446 2365 615 2401 tyrannus
645 2360 843 2395 sustulerat.
889 2361 917 2395 is
939 2361 1033 2395 vitae
1063 2372 1146 2395 suae
1176 2361 1302 2394 timens
1329 2360 1507 2397 stultitiam
1533 2363 1718 2407 simulavit,

270 2404 367 2438 cuius
383 2405 528 2438 -numine
551 2405 658 2439 tutior
681 2411 791 2440 essetz
819 2405 908 2440 unde
931 2406 1029 2440 Bruti
1049 2417 1170 2440 nomen
1199 2411 1253 2440 est
1271 2406 1438 2451 adeptus,
1470 2408 1562 2452 quod
1586 2410 1719 2443 fatuum

269 2449 454 2494 significat.
501 2450 581 2484 dum
614 2450 662 2484 ita
696 2452 877 2485 stultitiam
910 2451 1063 2492 simulat,
1099 2463 1120 2485 a
1152 2451 1352 2496 Tarquiniis
1384 2452 1539 2497 Delphos
1569 2453 1718 2494 ducitur,

268 2494 451 2529 ludibrium
473 2495 591 2530 verius
616 2507 716 2540 quam
744 2508 868 2531 comes.
913 2498 1138 2542 profitebatur
1159 2502 1272 2530 autem
1294 2508 1333 2531 se
1357 2497 1422 2531 deo
1444 2499 1598 2534 baculum
1630 2499 1718 2533 dono

268 2540 413 2574 afferre:
437 2541 474 2574 in
496 2551 565 2585 quo
590 2552 663 2576 cum
687 2542 772 2575 nihil
794 2549 979 2587 appareret
999 2542 1093 2584 boni,
1118 2553 1160 2576 ea
1181 2553 1317 2587 quoque
1340 2542 1383 2576 de
1407 2554 1508 2578 causa
1523 2544 1718 2578 ridebatur.

269 2596 389 2619 verum
423 2597 464 2619 ea
488 2598 526 2620 re
551 2598 614 2630 per
637 2588 796 2631 ambages
819 2588 968 2632 effigiem
991 2587 1155 2633 quandam
1178 2587 1306 2631 ingenii
1329 2588 1382 2622 sui
1413 2590 1719 2633 repraesentabat:

268 2641 346 2663 nam
370 2642 411 2664 eo
434 2637 602 2666 excavato
625 2632 709 2666 clam
732 2644 850 2666 aurum
873 2633 1064 2675 infuderat,
1099 2637 1139 2666 ut
1161 2633 1360 2667 ostenderet
1385 2633 1559 2678 ingenium
1581 2646 1718 2680 quoque

267 2686 364 2708 suum
397 2675 569 2720 integrum
602 2682 637 2711 et
667 2677 869 2712 honorabile
892 2680 955 2714 sub
977 2677 1202 2723 ignominioso
1226 2678 1396 2712 stultitiae
1417 2680 1610 2713 velamento
1634 2679 1720 2713 deli-

266 2727 416 2757 tescere.
472 2722 745 2757 adolescentibus
786 2735 890 2768 porro
929 2723 1221 2768 interrogantibus
1254 2723 1331 2767 quis
1369 2725 1464 2769 patri
1497 2735 1719 2758 successurus

268 2771 380 2809 esset,
406 2768 582 2812 respondit
605 2769 690 2803 deus
714 2780 789 2803 eum
814 2770 873 2814 qui
896 2774 1035 2805 matrem
1052 2769 1147 2815 prius
1163 2769 1377 2804 oscularetur
1389 2780 1502 2804 rerum
1515 2769 1717 2815 potiturum.
