1820 3120
232 111 330 158 122
694 112 922 158 IOANNIS
954 111 1214 158 ZONARAE

228 225 280 281 δὴ
303 224 590 281 Συρακουσίων
610 224 712 277 τινές
734 225 966 284 (ἐτύγχανον
989 228 1034 270 δὲ
1056 227 1099 278 ἐξ
1121 220 1170 270 οὗ
1185 225 1438 281 Ἀγαθοκλῆς
1460 222 1685 282 ἐτελεύτησε

226 291 521 349 στασιάζοντες)
545 294 828 338 ἐπεκαλέσαντο
863 293 998 348 αῧτόν,
1032 291 1322 351 παραδιδόντες
1352 293 1391 336 οἲ
1421 295 1488 337 καὶ
1517 292 1687 345 ἑαυτοὺς

226 363 294 405 καὶ
335 361 411 416 τὴν
451 361 580 405 πόλιν.
648 362 899 414 ἄναπνεύσας
933 364 1010 420 γὰρ
1048 364 1112 405 ἐπὶ
1147 359 1278 419 τούτῳ
1315 362 1383 403 καὶ
1415 363 1687 420 προσελπίσας

42 438 70 472 Ρ
93 437 111 472 1
133 437 202 475 377
226 434 360 473 πᾶσαν
381 429 454 485 τὴν
477 432 661 474 Σικελίαν
683 433 1050 488 καταστρέψασθαι
1060 463 1074 483 ,
1116 430 1187 474 τὸν
1208 430 1282 485 μὲν
1303 429 1483 473 Μίλωνα
1511 430 1555 473 ἐν
1577 430 1685 473 Ἰτα-

32 506 79 541 W
98 506 136 542 H
159 506 204 543 49
227 499 296 558 λίᾳ
317 498 547 551 κατέλιπεν,
581 499 622 541 ἐν
646 503 809 557 φυλακῇ
839 499 909 542 τόν
930 517 973 543 τε
998 498 1193 556 Τάραντα
1222 499 1290 540 καὶ
1312 496 1365 540 τὰ
1390 495 1496 541 ἄλλα
1517 495 1722 554 manco-5

224 583 363 622 μενον,
398 566 519 618 αὐτὸς
549 568 594 610 δὲ
616 565 671 617 ὥς
703 568 772 610 διὰ
794 568 968 623 βραχέος
989 565 1194 622 ἐπανήξων
1217 566 1451 609 ἀπέπλευσε.
1518 567 1588 608 καὶ
1607 570 1688 609 τῶν

225 636 513 692 Συρακουσίων
533 635 758 689 δεξαμένων
777 636 900 678 αὐτὸν
921 636 989 677 καὶ
1005 633 1138 677 πάντα
1161 633 1272 692 αὐτῷ
1288 633 1547 688 ἄναθεμένων
1563 633 1689 690 μέγας

224 704 267 745 ἐν
295 708 445 759 βραχεῖ
473 698 596 753 αὖθις
618 704 792 759 ἐγένετο,
833 701 936 746 ὥστε
971 703 1066 754 τοὺς
1089 702 1397 759 Καρχηδονίους
1431 701 1690 759 φοβηθέντας

226 769 513 828 μισθοφόρους
529 773 572 813 ἐκ
588 776 660 825 τῆς
672 771 844 821 Ἰταλίας
859 775 1115 828 προσλαβεῖν.
1161 771 1266 813 ἀλλὰ
1283 770 1386 824 ταχὺ
1403 769 1506 826 πρὸς
1522 769 1691 813 τοῦναν-

228 841 312 882 τίον
335 840 445 896 αὐτῷ
467 839 651 895 περιέστη
674 840 726 881 τὰ
747 837 966 895 πράγματα
988 845 1045 898 τῷ
1068 857 1110 882 τε
1131 837 1305 889 πολλοὺς
1319 842 1399 881 τῶν
1417 839 1460 880 ἐν
1477 838 1579 881 τέλει
1594 837 1690 888 τοὺς
1700 847 1746 884 10

228 908 302 961 μὲν
324 905 508 956 ἐξελάσαι
530 907 625 956 τοὺς
647 907 692 949 δὲ
726 909 966 963 διαφθεῖραι
986 905 1332 961 ’ὑποπτευομένους
1355 905 1482 964 αὐτῷ.
1549 906 1589 949 οἷ
1610 905 1688 963 γὰρ

228 973 527 1031 Καρχηδόνιοι,
566 972 717 1024 ῗδόντες
750 973 872 1017 αὐτὸν
903 973 1004 1029 μήτε
1026 981 1116 1025 ταῖς
1137 975 1301 1024 οἶκείαις
1322 972 1538 1028 δυνάμεσιν
1560 974 1691 1032 ἐρρω-

229 1043 348 1097 μένον
369 1040 471 1096 μήτε
494 1041 588 1093 τοὺς
611 1043 848 1100 ἐπιχωρίους
872 1043 934 1085 δι’
956 1043 1111 1093 εὐνοίας
1127 1042 1283 1096 ἔχοντα,
1305 1045 1378 1085 τοῦ
1393 1042 1570 1096 πολέμου
1588 1058 1691 1099 προ-

177 1114 209 1147 Β
233 1109 381 1164 θύμως
403 1108 667 1165 ἀντελάβοντο
676 1143 689 1162 ,
724 1113 792 1154 καὶ
814 1110 908 1161 τοὺς
934 1111 1193 1162 ἐκπίπτοντας
1213 1115 1294 1154 τῶν
1316 1109 1602 1167 Συρακουσίων
1624 1111 1690 1152 δε-

223 1177 388 1234 χόμενοι
412 1178 522 1220 δεινὰ
546 1179 668 1221 αὐτὸν
691 1177 949 1236 εἰργάσαντο,
979 1178 1082 1223 ὥστε
1104 1179 1162 1234 μὴ
1185 1178 1259 1230 τὰς
1280 1176 1546 1235 Συρακούσας
1565 1175 1689 1232 μόνον
1699 1189 1745 1226 15

229 1247 334 1290 ἀλλὰ
357 1248 423 1289 καὶ
446 1247 518 1300 τὴν
541 1248 726 1289 Σικελίαν
749 1249 931 1290 ἐκλιπεῖν.

365 1317 406 1357 6.
478 1315 530 1357 Οἱ
547 1313 738 1369 Ῥωμαῖοι
771 1317 816 1358 δὲ
845 1316 920 1370 τὴν
952 1315 1151 1357 ἀπουσίαν
1185 1313 1309 1356 αὐτοῦ
1340 1311 1566 1367 πυθόμενοι
1599 1312 1692 1355 ἀνε-

227 1381 447 1440 θάρσησαν
463 1384 529 1425 καὶ
553 1384 654 1440 πρὸς
671 1383 829 1437 ἄμυναν
846 1387 927 1426 τῶν
944 1382 1287 1437 ἐπικαλεσαμένων
1309 1381 1432 1426 αὐτὸν
1448 1379 1692 1437 ἐτράπησαν.

227 1453 297 1494 καὶ
319 1452 414 1501 τοὺς
438 1452 712 1508 Ταραντίνους
735 1454 791 1502 εἷς
814 1451 936 1494 ἄλλον
958 1451 1097 1507 καιρὸν
1115 1449 1383 1508 ὕπερθέμενοι
1406 1449 1614 1504 εἲσέβαλον
1638 1449 1693 1499 εἷς

226 1518 273 1562 τὸ
294 1518 469 1563 Σαύνιον
490 1519 594 1574 μετὰ
614 1518 778 1563 ὑπάτων
799 1525 870 1563 τοῦ
887 1518 1100 1578 Ῥουφίνου
1123 1521 1190 1562 καὶ
1213 1523 1285 1562 τοῦ
1303 1519 1492 1570 Ἰουνίου,
1526 1519 1594 1560 καὶ
1617 1514 1747 1572 τήνω

321 1671 343 1704 1
367 1666 655 1715 Συρᾇκουσίων
686 1674 720 1705 et
751 1671 803 1706 sic
836 1670 1022 1717 aliquoties
1054 1672 1151 1716 PW,
1191 1681 1284 1726 guae
1315 1669 1411 1705 infra
1439 1659 1692 1711 Συρακούσας.

320 1717 344 1752 6
366 1714 520 1762 βραχέος
542 1717 696 1760 ABCW‚
721 1715 883 1763 βραχέως
903 1718 944 1754 Ρ.
1082 1714 1278 1762 ἐπανηκων
1300 1716 1343 1751 C.
1458 1714 1483 1749 8
1529 1710 1622 1757 ραχὺ
1643 1712 1688 1768 ᾼ.

318 1762 500 1852 ,Ιιὲτέιξέἷ
509 1759 631 1844 JAfdw
655 1764 698 1800 θ’
723 1774 763 1798 ²⁸
786 1762 1014 1811 ⁸¹¹Perfluum.
1090 1764 1135 1800 16
1156 1763 1372 1798 καταλιπεῖν
1391 1759 1437 1796 Α.
1471 1791 1475 1796 ,
1528 1760 1553 1794 0
1573 1759 1690 1804 μετα]

367 1899 533 1933 Romus.
596 1899 683 1944 Cap.
708 1899 742 1935 6.
798 1898 927 1933 Dionis
956 1897 1138 1933 Historiae
1171 1898 1358 1934 Romanae
1388 1898 1470 1933 libri
1501 1898 1693 1945 deperditi.-

320 1950 528 1991 excerptum
556 1945 766 1980 Vaticanum
789 1946 834 1982 56
854 1956 892 1990 p.
916 1943 997 1989 178,
1021 1956 1098 1980 exc.
1126 1944 1358 1980 Ursinianum
1380 1945 1461 1982 147.

230 2077 325 2114 bium
360 2089 404 2113 ea
433 2089 491 2112 res
516 2078 648 2121 erexit,
684 2077 776 2133 quod
799 2090 821 2114 a
842 2078 1072 2124 Syracusanis
1094 2078 1297 2124 quibusdam
1317 2077 1414 2123 (nam
1436 2089 1480 2113 ex
1502 2088 1572 2123 quo
1594 2077 1692 2123 Aga-

229 2124 364 2160 thocles
389 2124 605 2168 decesserat,
638 2125 867 2159 seditionibus
888 2124 1130 2169 agitabantur)
1160 2124 1420 2169 arcessebatur,
1452 2128 1490 2158 et
1512 2124 1630 2158 urbem
1655 2127 1693 2158 et

230 2170 436 2215 semetipsos
459 2169 551 2204 illius
574 2170 655 2204 fidei
678 2170 971 2216 permittentibus.
1017 2173 1185 2214 concepta
1216 2170 1305 2204 enim
1327 2181 1390 2215 spe
1413 2170 1523 2204 totius
1546 2168 1692 2204 Siciliae

227 2216 439 2271 potiundae,
465 2215 627 2251 Milonem
652 2217 695 2250 ad
719 2217 909 2251 Tarentum
934 2219 1145 2260 caeteraque
1170 2216 1319 2250 tutanda
1341 2216 1378 2249 in
1400 2215 1504 2249 Italia
1527 2215 1691 2260 reliquit:

227 2272 307 2308 lpse
330 2267 369 2296 ut
390 2262 492 2296 brevi
515 2273 719 2297 reversurus
743 2260 916 2297 discessit.
965 2267 1001 2296 et
1033 2273 1054 2296 a
1077 2262 1310 2306 Syracusanis
1339 2265 1530 2306 exceptus,
1561 2271 1692 2295 summa

228 2319 343 2342 rerum
365 2307 435 2352 ipsi
457 2307 636 2352 permissa,
660 2320 778 2343 rursus
803 2308 905 2343 brevi
927 2307 1037 2353 spatio
1061 2307 1224 2352 temporis
1247 2310 1365 2342 tantus
1389 2307 1514 2349 evasit,
1537 2310 1579 2340 ut
1601 2307 1692 2340 Car-

228 2353 465 2398 thaginienses
498 2353 591 2388 illius
614 2360 707 2389 metu
730 2365 774 2389 ex
795 2355 899 2390 Italia
919 2352 1057 2388 militem
1080 2354 1321 2388 conducerent.
1367 2353 1431 2387 sed
1457 2352 1618 2386 celeriter
1649 2362 1692 2385 ea

227 2401 372 2433 fortuna
404 2403 538 2433 mutata
561 2403 615 2433 est
637 2400 672 2434 in
697 2401 928 2444 contrarium,
962 2399 1057 2444 quod
1087 2399 1211 2433 multos
1241 2410 1285 2433 ex
1306 2397 1513 2444 primoribus
1539 2397 1607 2432 sibi
1629 2407 1690 2431 su-

229 2449 368 2490 spectos
391 2445 517 2490 partim
541 2445 694 2490 pellebat
717 2447 843 2491 partim
870 2446 1027 2480 necabat.
1071 2444 1380 2488 Carthaginienses
1397 2444 1497 2488 enim,
1522 2455 1598 2478 cum
1612 2453 1691 2476 eum

227 2502 293 2524 nec
327 2490 476 2536 privatis
509 2491 644 2525 viribus
679 2493 798 2526 valere
832 2503 945 2537 neque
966 2490 1181 2537 popularium
1204 2491 1334 2524 babere
1357 2489 1471 2524 studia
1494 2491 1689 2530 cernerent,

226 2536 353 2570 bellum
377 2540 518 2572 strenue
541 2537 844 2581 administrarant,
878 2549 1022 2582 eumque
1045 2538 1344 2581 Syracusanorum
1377 2535 1551 2570 exsulibus
1580 2533 1692 2568 susci-

226 2582 366 2662 Eiendils
397 2583 485 2617 male
515 2586 732 2618 tractarunt:
764 2585 856 2618 unde
881 2595 950 2617 non
971 2583 1166 2627 Syracusas
1192 2582 1361 2616 duntaxat
1381 2581 1444 2616 sed
1465 2584 1575 2615 totam
1597 2578 1689 2613 Sici-

244 2628 310 2661 ‘am
359 2630 504 2664 eseruit.

364 2673 399 2707 6.
447 2674 593 2709 Romani
614 2686 712 2718 vero,
735 2687 800 2721 per
822 2674 897 2709 eius
921 2673 1108 2709 absentiam
1130 2671 1341 2707 confirmatis
1364 2670 1496 2714 animis,
1520 2669 1563 2704 ad
1586 2668 1692 2703 ultio-

228 2728 305 2751 nem
339 2730 455 2754 eorum
483 2732 504 2753 a
527 2722 653 2765 quibus
682 2721 870 2755 arcessitus
899 2721 1017 2755 fuerat
1036 2721 1198 2754 conversi
1219 2722 1313 2754 sunt.
1359 2729 1400 2752 ac
1424 2715 1692 2750 Tarentinorum

231 2763 387 2799 vindicta
409 2766 444 2800 in
468 2766 560 2801 aliud
583 2772 718 2813 tempus
740 2766 857 2811 dilata,
881 2765 997 2801 Rufini
1019 2770 1056 2801 et
1076 2765 1168 2800 Iunii
1190 2765 1364 2800 consulum
1387 2763 1491 2798 ductu
1514 2764 1551 2796 et
1572 2759 1694 2806 auspi-
