1820 3120
269 134 372 182 466
765 129 995 174 IOANNIS
1030 128 1291 172 ZONARAE

270 247 453 290 ἀνέπειθε
478 242 742 299 συγγενέσθαι
765 243 893 300 αὐτῇ,
919 242 990 286 τὸν
1015 240 1224 284 Κλαύδιον
1245 239 1541 298 παρεσκεύασεν
1562 238 1747 294 ἐπιτάξαι

271 315 382 371 αὐτῷ
404 316 639 368 πειθαρχεῖν
663 312 768 368 αὐτῇ
777 343 789 363 ,
825 309 880 362 ὡς
912 311 976 354 ἐπ’
1014 310 1114 353 ἄλλο
1145 327 1183 353 τι
1216 310 1383 365 δεομένη
1415 309 1561 354 αὐτοῦ·
1592 313 1663 354 καὶ
1687 313 1745 353 εἰ·

218 393 248 426 C
273 380 416 431 πόντος
449 381 560 439 αὐτῷ
589 383 662 423 τοῦ
687 381 896 422 Κλαυδιόυ
921 378 999 422 ὅσα
1023 376 1314 436 προστάττεται
1336 379 1451 435 παρὰ
1470 381 1547 434 τῆς
1563 381 1744 428 Μεσσα-

269 452 379 505 λίνης
401 455 539 500 ποιεῖν,
576 452 700 502 συνῆν
723 448 827 505 αὐτῇ
834 480 847 500 ,
882 446 940 498 ὥς
970 450 1037 490 καὶ
1069 451 1189 490 τοῦτο
1211 445 1289 500 ὑπ’
1315 448 1463 490 ἐκείνου
1486 445 1744 510 »renel-etqua&-

268 536 349 568 νος.
406 522 525 560 τοῦτο
550 518 593 559 δὲ
616 519 681 559 καὶ
707 518 808 574 πρὸς
831 516 1001 570 συχνοὺς
1024 515 1184 573 ἑτέρους
1205 516 1340 558 ἐποίει.
1397 513 1454 566 ὡς
1482 514 1563 572 γὰρ
1592 514 1778 566 aaron·

268 591 343 631 τοῦ
377 585 524 642 ἀνδρὸς
559 585 684 638 αὐτῆς
719 585 771 627 τὰ
802 583 989 640 γινόμενα
1024 587 1089 627 καὶ
1114 588 1419 641 συγχωροῦντος
1441 582 1744 627 ἀκολασταίνειν

270 656 372 711 αὐτῇ
397 651 637 707 ἐμοιχεύετο.
683 654 861 704 Βινίκιος
885 654 928 695 δὲ
951 652 1013 696 ὅτι
1035 653 1094 708 μὴ
1116 653 1316 708 ἠθέλησεν
1340 653 1444 710 αὐτῇ
1465 651 1745 708 συγγενέσθαι,

271 720 476 781 φαρμάκῳ
499 720 572 762 ὑπ’
601 722 726 776 αὐτῆς
751 719 972 779 διεφθάρη.
1038 721 1243 777 ἤσχαλλον
1276 722 1321 764 δὲ
1355 721 1394 764 οἷ
1420 719 1614 777 Ῥωμαῖοι
1647 722 1745 764 δου-

271 791 437 834 λεύοντα
464 790 585 832 αὐτὸν
608 795 657 846 τῇ
681 793 838 846 γυναικὶ
861 794 928 833 καὶ
952 797 1036 840 τοῖς
1058 791 1346 846 ἀπελευθέροις
1367 787 1550 846 ὁρῶντες.

410 855 483 916 Τῷ
515 858 556 901 δ’
594 857 684 913 ἑξῆς
714 860 883 917 ἐνιαυτῷ
915 860 1215 917 ὀκτακοσιοστῷ
1246 858 1322 901 ἔτει
1351 862 1403 915 τῇ
1429 856 1566 914 Ῥώμῃ
1588 855 1674 900 ὄντι
1696 855 1742 900 τὸ
1756 863 1802 899 10

270 928 459 983 τέταρτον
480 924 680 969 ὑπάτευσε
707 926 930 978 Κλαύδιος.
964 926 1028 970 ὅτε
1050 926 1210 969 Γάλλον
1232 925 1343 978 τινά,
1375 930 1597 980 βουλεῦσαι
1619 923 1746 968 δυνά-

268 1013 389 1051 μενον
413 997 468 1044 εἲς
491 995 536 1036 δὲ
560 995 632 1050 τὴν
655 995 905 1052 Καρχηδόνα
936 994 1219 1050 ἐξοικήσαντα,
1255 997 1412 1052 σπουδῇ
1439 994 1746 1049 μετεπέμψατο,

215 1076 248 1111 D
276 1065 397 1107 εἰπών
420 1062 481 1106 ὅτι
512 1061 723 1119 ((χρυσαῖς,
735 1082 779 1106 σε
813 1065 953 1115 πέδαις
984 1064 1143 1119 δήσω.”
1213 1066 1281 1106 καὶ
1317 1062 1423 1107 οὕτω
1455 1067 1516 1122 τῷ
1545 1060 1747 1117 ἀξιώματι

269 1134 462 1188 πεδηθεὶς
494 1133 597 1174 κατὰ
628 1131 768 1188 χώραν
800 1132 963 1186 ἔμεινεν.
1033 1134 1249 1188 ἐπιβουλῆς
1271 1133 1318 1175 δέ
1337 1148 1446 1182 τινος
1466 1135 1527 1190 τῷ
1549 1131 1745 1188 Κλαυδίῳ

268 1202 518 1256 μηνυθείσης
548 1199 822 1258 κατεφρόνησε
855 1206 929 1243 τοῦ
955 1202 1207 1255 μηνυθέντος
1229 1203 1296 1244 καὶ
1319 1202 1361 1243 ἓν
1383 1200 1516 1243 οὐδενὶ
1538 1198 1645 1258 λόγῳ
1668 1199 1743 1241 αὖ-
1757 1204 1800 1240 15

267 1270 339 1314 τὸν
371 1267 610 1323 ἐποιήσατο,
647 1270 768 1311 εἰπὼν
801 1269 862 1312 ὅτι
894 1268 1001 1324 ι(οὐχ
1032 1268 1182 1324 ὁμοίως
1212 1272 1279 1312 δεῖ
1304 1267 1469 1324 ψύλλαν
1502 1270 1570 1311 καὶ
1601 1269 1747 1324 θηρίον

269 1336 547 1393 ἀμύνεσθαι.”
611 1336 759 1387 ἄλλους
784 1339 829 1380 δὲ
851 1338 1025 1388 πολλοὺς
1050 1339 1348 1393 διαβληθέντας
1369 1335 1448 1381 ὕπὸ
1471 1341 1544 1393 τῆς
1569 1339 1746 1381 Μεσσα-
1768 1389 1771 1391 ‚

269 1409 379 1461 λίνης
402 1407 467 1447 καὶ
491 1404 561 1447 τὸν
588 1405 815 1448 Ἀσιατικὸν
837 1408 903 1448 καὶ
927 1406 997 1449 τὸν
1020 1406 1208 1463 γαμβρὸν
1230 1407 1300 1449 τὸν
1322 1404 1500 1462 Μάγνον
1523 1405 1745 1448 ἀπέκτεινε·
1784 1406 1789 1409 ’

267 1475 337 1517 τὸν
357 1475 431 1528 μὲν
458 1474 684 1516 Ἀσιατικὸν
719 1474 787 1516 διὰ
821 1474 895 1529 τὴν
918 1475 1072 1527 οὗσιάν,
1111 1475 1181 1518 τὸν
1204 1476 1249 1517 δὲ
1273 1474 1449 1531 Μάγνον
1473 1473 1541 1516 διὰ
1564 1473 1611 1516 τὸ
1635 1474 1747 1529 γένος

268 1545 337 1585 καὶ
370 1543 415 1584 τὸ
451 1543 586 1596 κῆδος.
657 1540 842 1586 ἑάλωσαν
872 1543 1007 1597 μέντοι
1042 1542 1098 1593 ὥς
1128 1543 1194 1586 ἐπ’
1231 1542 1370 1593 ἄλλοις
1399 1543 1514 1590 τισίν.
1583 1543 1668 1585 ἐπεὶ
1701 1542 1803 1586 δὲ20

267 1611 443 1661 πολλοὺς
489 1608 660 1661 δούλους
704 1616 922 1661 νοσοῦντας
968 1611 1159 1666 οὐδεμιᾶς
1202 1613 1428 1669 θεραπείας
1473 1611 1511 1654 οἳ
1552 1609 1745 1654 δεσπόται

292 1743 298 1746 ’
358 1728 382 1762 2
406 1724 502 1773 αὐτῇ
527 1738 581 1760 om
605 1727 646 1763 Β.
750 1728 773 1762 3
797 1725 900 1774 αὐτῷ
922 1728 954 1762 Α
978 1729 1062 1775 Dio,
1086 1725 1205 1764 αὐτοῦ
1223 1729 1314 1764 PW.
1411 1726 1680 1773 προστάσσεται
1701 1731 1745 1764 Α.

358 1774 381 1809 6
404 1769 451 1808 τοὶ
475 1771 648 1817 γινόμενα
673 1773 743 1807 add
765 1775 796 1809 A
818 1785 894 1808 cum
917 1775 1044 1810 Dione.
1195 1775 1217 1812 ’7
1241 1770 1496 1820 συγγενέσθαι]
1520 1774 1744 1820 συμφθαρῆ-

360 1830 424 1854 ναι
439 1820 482 1854 Α.
555 1821 597 1853 ll
617 1816 762 1853 Γάλλον
785 1818 886 1864 τινά]
912 1821 1017 1854 Dioni
1039 1818 1262 1865 Σουρδίνιός
1283 1833 1339 1861 τις
1362 1819 1516 1861 Γάλλος.
1586 1821 1632 1856 12
1646 1815 1684 1861 ἔς
1700 1820 1743 1856 C.

361 1865 408 1901 17
430 1862 566 1904 ἄλλους
589 1885 634 1890 —
659 1866 705 1899 20
728 1862 855 1905 ἄλλοις
875 1867 970 1900 τισίν
991 1867 1118 1913 partim
1143 1879 1196 1902 om
1220 1867 1346 1902 Dionis
1371 1866 1520 1902 codices.
1609 1866 1656 1900 20
1676 1865 1743 1920 m‘j:

360 1912 428 1950 ὂος
457 1910 551 1944 ABC
579 1917 617 1946 et
639 1911 815 1956 Ducaugii
839 1912 985 1956 codices,
1009 1909 1123 1954 κῦδός
1146 1913 1237 1950 Pw.
1282 1910 1491 1958 “legendum
1512 1911 1656 1948 videtur
1679 1911 1744 1946 δια

358 1953 402 1992 τὸ
426 1956 556 2001 κῦδος,
581 1959 626 1992 ob
650 1954 825 2002 „gloriam”
851 1958 1054 1996 Wonms.
1478 1970 1481 1971 ’

269 2057 463 2102 potuisset,
499 2058 637 2092 curavit
668 2062 707 2092 ut
739 2058 769 2092 is
802 2070 823 2092 a
854 2059 999 2093 Claudio
1033 2060 1101 2105 ipsi
1132 2071 1258 2106 parere
1289 2059 1326 2094 in
1359 2059 1518 2095 omuibus
1550 2059 1744 2107 iuberetur,

268 2103 368 2147 quasi
394 2103 439 2137 ad
463 2103 546 2137 alias
570 2114 626 2137 res
651 2104 726 2137 eius
752 2116 860 2149 opera
884 2116 990 2140 usura
1014 2110 1119 2141 esset.
1170 2107 1222 2140 sic
1252 2105 1310 2140 ille
1342 2117 1419 2140 cum
1443 2118 1486 2140 ea
1510 2117 1582 2142 rem
1607 2106 1743 2150 habuit,

268 2149 369 2192 quasi
391 2149 427 2182 id
453 2161 593 2194 quoque
616 2150 660 2183 ab
685 2150 894 2194 imperatore
919 2151 1033 2185 iussus
1055 2156 1164 2187 esset.
1190 2152 1276 2186 idem
1301 2163 1376 2186 cum
1402 2151 1479 2186 aliis
1503 2163 1643 2198 quoque
1659 2152 1745 2187 mul-

268 2195 312 2227 tis
338 2205 442 2237 ausa,
476 2195 644 2229 adulteris
676 2196 732 2229 sui
762 2197 895 2241 copiam
931 2198 1038 2240 fecit,
1075 2199 1176 2244 quasi
1201 2197 1340 2232 conscio
1364 2197 1487 2232 marito
1512 2202 1550 2232 et
1573 2199 1616 2233 ad
1639 2198 1743 2233 lasei-

268 2240 359 2274 viam
380 2240 492 2285 ipsius
517 2242 737 2276 connivente.
785 2243 959 2278 Vinicium
992 2255 1078 2278 vero
1113 2245 1157 2278 ob
1188 2251 1343 2289 stuprum
1376 2248 1572 2279 recusatum
1607 2254 1744 2279 veneno

267 2286 422 2365 {ustulin
469 2298 545 2322 eam
575 2287 668 2321 illius
700 2289 764 2322 sub
798 2289 941 2324 muliere
976 2295 1012 2325 et
1045 2290 1182 2324 libertis
1203 2290 1408 2325 servitutem
1430 2289 1579 2324 Romani
1601 2290 1744 2336 indigne

287 2333 446 2368 erebant.

407 2378 508 2413 Anno
536 2378 719 2422 sequenti,
753 2380 815 2424 qui
838 2379 907 2414 fuit
930 2381 974 2415 ab
999 2381 1086 2415 urbe
1111 2381 1252 2415 condita
1275 2379 1604 2426 octingentesimus,
1636 2392 1745 2426 quar-

269 2426 341 2456 tum
365 2423 485 2459 consul
507 2423 623 2458 factus
647 2424 814 2460 Claudius
840 2426 975 2460 Gallum
1000 2426 1168 2472 quendam
1192 2426 1389 2461 senatoriae
1410 2427 1594 2473 dignitatis
1618 2428 1744 2473 virum,

268 2468 329 2512 qui
354 2469 602 2513 Carthaginem
625 2471 800 2515 migrarat,
827 2484 974 2518 propere
998 2473 1205 2516 arcessivit,
1231 2483 1377 2517 eumque
1399 2484 1438 2507 se
1464 2474 1581 2509 aureis
1605 2485 1744 2519 compe·

266 2514 370 2548 dibus
395 2515 616 2560 alligaturum
642 2518 846 2561 professus,
874 2518 1047 2563 dignitate
1077 2518 1212 2553 tributa
1241 2517 1362 2552 effecit
1393 2530 1439 2553 ne
1460 2519 1537 2554 loco
1562 2530 1603 2554 se
1625 2530 1743 2554 move-

266 2564 336 2594 ret.
383 2572 460 2595 cum
492 2561 678 2606 aliquando
711 2563 855 2598 insidiae
887 2565 920 2598 ei
953 2565 1115 2599 detectae
1146 2569 1287 2608 essent,
1323 2575 1400 2599 eum
1422 2565 1482 2611 qui
1505 2565 1642 2600 delatus
1665 2569 1744 2600 erat

268 2613 403 2639 contem
432 2607 498 2650 sit,
531 2619 595 2642 nec
630 2608 700 2642 ulla
724 2609 799 2643 eius
823 2610 959 2644 ratione
982 2612 1103 2645 habita
1125 2610 1214 2644 dixit
1235 2610 1380 2655 pulicem
1404 2622 1472 2646 non
1498 2612 1619 2646 eodem
1642 2612 1742 2646 modo

267 2661 337 2694 quo
362 2619 505 2687 beiiuam
530 2665 608 2688 esse
633 2655 877 2690 ulciscendum.
909 2658 998 2691 alios
1022 2668 1107 2692 vero
1131 2656 1256 2690 multos
1279 2657 1324 2690 ob
1348 2657 1556 2692 Messalinae
1580 2657 1741 2692 crimina-

265 2695 398 2740 tiones,
425 2698 614 2733 Asiaticum
638 2700 718 2734 item
743 2705 779 2734 et
802 2714 966 2746 generum
990 2703 1154 2747 Magnum
1178 2701 1376 2737 interfecit:
1399 2703 1492 2738 illum
1515 2708 1660 2749 propter
1682 2703 1738 2738 di-

264 2741 388 2786 vitias,
415 2744 505 2779 hunc
528 2746 572 2779 ob
597 2758 706 2790 genus
731 2751 766 2781 et
789 2748 1016 2794 affinitatem,
1041 2749 1123 2783 licet
1145 2749 1190 2782 ob
1215 2748 1285 2783 alia
1309 2749 1452 2784 crimina
1477 2749 1634 2784 damnati
1657 2751 1737 2784 fue-

261 2787 346 2823 rint.
396 2800 470 2824 cum
514 2792 611 2826 multi
650 2793 747 2829 servi
779 2798 1003 2840 aegrotantes
1031 2795 1137 2841 plane
1170 2805 1192 2829 a
1226 2794 1374 2830 dominis
1407 2795 1558 2842 neglecti
1591 2796 1736 2832 aedibus
