1820 3120
278 82 380 130 368
750 80 981 124 IOANNIS
1015 81 1278 139 zoNARAE

222 204 254 239 D
277 198 425 253 μαίους
467 195 634 247 ἐπίεζεν,
683 191 704 236 ὅ
742 195 907 251 Καῖσαρ
940 194 981 236 ἐν
1013 194 1217 255 ἀμηχανίᾳ
1258 194 1422 251 ἐγένετο.
1443 241 1446 245 ,
1487 194 1515 252 ἦ
1556 197 1631 252 μὲν
1664 195 1752 255 ’γὰρ
1793 198 1798 202 ”

276 265 380 309 κατὰ
406 265 592 306 Σικελίαν
614 260 812 306 θάλασσα
834 260 914 305 ὑπὸ
939 266 1012 305 τοῦ
1034 263 1187 314 Σέξτου
1209 259 1434 318 κατείχετο,
1479 263 1502 308 ὃ
1535 265 1582 308 δ’
1613 263 1774 316 Ἰόνιος

275 332 424 383 κόλπος
444 330 524 374 ὑπὸ
549 331 748 386 Δομιτίου
774 333 939 382 Γναίου,
974 329 1019 381 ὃς
1041 336 1120 374 τῶν
1142 332 1216 386 μὲν
1238 332 1522 389 σφαγέων-τοῦ
1540 333 1752 391 ,Καίσαρος
1800 327 1801 330 “

271 397 336 457 ἦν,
361 402 404 443 ἐκ
429 401 472 443 δὲ
495 404 566 456 τῆς
590 402 631 442 ἐν
653 400 869 450 Φιλίπποις
889 398 1025 454 μάχης
1044 400 1253 456 διαφυγὼν
1270 401 1461 450 ναυτικὸν.
1473 391 1751 458 συνεκρότησε,

274 471 342 512 καὶ
374 474 447 512 τοῦ
478 487 520 512 τε
555 467 708 511 κόλπου
740 466 889 523 χρόνον
921 468 1012 510 τινὰ
1042 467 1238 524 ἐκράτησε
1270 471 1336 511 καὶ
1369 469 1420 512 τὰ
1454 473 1535 513 τῶν
1557 471 1784 528 ’ἐναντίων5

275 537 455 595 ἔφθειρε.
526 538 592 580 διὰ
626 541 722 593 γοῦν
753 536 823 579 τὸν
855 536 972 590 λιμὸν
1004 542 1145 579 τοῦτον
1176 539 1244 580 καὶ
1275 537 1329 580 δι’
1364 538 1495 588 αἰτίας
1524 537 1663 594 ἑτέρας
1684 540 1751 596 καὶ

276 608 521 649 ἐστασίασαν
555 605 657 662 πρὸς
689 603 890 659 ἀλλήλους
920 603 942 646 ὅ
966 623 1007 648 τε
1032 607 1165 660 δῆμος,
1187 608 1252 648 καὶ
1278 606 1322 648 τὸ
1347 603 1650 662 στρατιωτικόν,
1684 603 1753 650 καὶ

277 678 332 726 εἷς
354 673 490 730 μάχας
512 672 537 729 ῆ
562 672 703 724 στάσις
727 674 925 729 περιέστη,
950 672 1052 716 ὥστε
1076 676 1141 716 καὶ
1162 673 1457 730 τιτρώσκεσθαι
1476 673 1754 730 καὶθνήσκειν

275 746 318 795 ἐξ
342 743 584 799 ἀμφοτέρων
608 744 674 785 καὶ
699 743 827 792 οἲκίας
850 747 1192 798 καταπρησθῆναι
1215 742 1377 798 συχνάς.
1412 745 1597 786 ἐντεῦθεν
1613 745 1756 794 ’δείσας

278 810 299 854 ὅ
325 814 490 869 Καῖσαρ
522 815 822 866 καταλλαγῆναι
859 815 909 867 τῇ
941 828 982 853 τε
1010 813 1197 870 Φουλβία
1219 814 1285 854 καὶ
1309 817 1365 870 τῷ
1387 810 1529 870 ὑπάτῳ
1553 817 1610 870 τῷ
1631 813 1753 855 Λου-
1765 824 1811 860 10

275 882 348 938 κίῳ
372 881 584 935 ἠθέλησεν.
632 880 713 922 ἐπεὶ
738 880 782 922 δὲ
807 879 875 921 διὰ
898 883 1056 922 πολλῶν
1080 879 1213 922 ἄλλων
1239 882 1306 922 καὶ
1331 884 1411 924 τῶν
1434 881 1755 937 ἐστρατευμένων

93 960 122 994 Ρ
144 959 163 994 Ι
184 959 254 994 510
277 947 629 1006 πρεσβευσάμενος
651 948 753 1004 πρὸς
778 947 925 998 αὐτοὺς
949 948 1066 990 οὐδὲν
1087 948 1219 1003 ἤνυεν,
1243 949 1467 1003 βουλευτὰς
1489 949 1657 1009 ἔστειλε,
1681 948 1756 999 τάς

274 1035 317 1061 τε
349 1015 558 1072 συνθήκας
591 1017 664 1067 τὰς
697 1016 798 1073 πρὸς
839 1016 909 1059 τὸν
944 1015 1153 1060 Ἀντώνιον
1189 1017 1307 1076 αὐτῷ.
1334 1018 1546 1073 γενομένας
1578 1015 1756 1076 ἐκφήνας

275 1088 414 1144 σφίσι,
450 1088 516 1128 καὶ
542 1086 736 1136 δικαστὰς
759 1089 839 1127 τῶν
865 1087 1076 1143 διαφορῶν
1100 1086 1248 1137 αὐτοὺς
1271 1085 1456 1141 ποιήσας.
1491 1084 1610 1139 uic-(V
1638 1087 1756 1133 οὐδὲν

223 1149 226 1154 ’
277 1155 369 1198 οὐδ’
397 1150 508 1197 οὗτοι
533 1157 683 1209 πρᾶξαι
709 1154 892 1208 ἴσχυσαν,
914 1154 1017 1210 πρὸς
1040 1154 1085 1197 τὸ
1106 1156 1395 1212 στρατιωτικὸν
1414 1149 1540 1205 αὖθις
1557 1154 1752 1209 ἀπέκλινε.
1765 1165 1810 1200 15

275 1225 344 1266 καὶ
368 1226 424 1274 εἷς
446 1223 518 1278 τὴν
536 1221 694 1278 Ῥώμην
719 1223 756 1265 οἳ
780 1228 1046 1278 στρατιῶται,
1072 1221 1127 1275 ὡς
1149 1226 1217 1266 καὶ
1241 1229 1298 1282 τῷ
1323 1222 1440 1282 δήμῳ
1462 1225 1528 1266 καὶ
1552 1227 1604 1280 τῇ,
1616 1215 1757 1280 ,βουλῇ

275 1291 564 1346 κοινωσόμενοί
583 1309 645 1343 τι,
681 1290 966 1343 συνελθόντες,
996 1289 1150 1334 τούτων
1172 1294 1246 1346 μὲν
1270 1292 1343 1335 οὐκ
1367 1290 1622 1350 ἐφρόντισαν,
1647 1293 1688 1343 ἐς
1711 1292 1756 1334 δὲ

275 1361 321 1404 τὸ
347 1360 609 1403 Καπιτώλιον
633 1359 928 1416 ἀθροισθέντες
950 1358 1023 1411 τάς
1046 1378 1088 1403 τε
1114 1359 1327 1415 συνθήκας
1348 1360 1396 1411 ἃς
1419 1359 1666 1411 ὃἈντώνιος
1687 1361 1755 1403 καὶ

277 1427 298 1471 ὃ
323 1430 489 1485 Καῖσαρ
513 1429 654 1471 ἔθεντο
679 1429 991 1484 ἀναγνωσθῆναι
1014 1430 1152 1486 σφίσιν
1175 1430 1398 1480 ἐκέλευσαν,
1433 1431 1500 1471 καὶ
1532 1428 1690 1480 ὲκείνας,
1712 1445 1755 1472 τε
1819 1486 1820 1489 ¹

275 1496 547 1554 ἐπεκύρωσαν,
583 1499 649 1539 καὶ
682 1501 772 1553 περὶ
798 1490 854 1539 ὧν
878 1497 1108 1554 διεφέροντο
1129 1496 1307 1548 ἑαυτοὺς,
1325 1495 1812 1547 ἐκάθισαν·δικαστάς.20

275 1569 342 1609 καὶ
367 1566 503 1621 ἐπειδὴ
529 1564 550 1608 ὃ
573 1566 646 1620 μὲν
664 1567 828 1621 Καῖσαρ
853 1565 1011 1620 ἕτοιμος
1034 1568 1282 1621 δικασθῆναι
1306 1566 1411 1609 κατὰ
1432 1566 1506 1621 τὴν
1529 1564 1756 1623 ὡρισμένην

275 1632 431 1691 ἡμέραν
455 1635 628 1690 ἐγένετο,
663 1632 689 1688 ῆ
717 1635 910 1688 Φουλβία
938 1635 983 1676 δὲ
1016 1636 1084 1676 καὶ
1108 1633 1129 1677 ὃ
1153 1634 1307 1685 ὕπατος
1330 1635 1377 1676 οὗ
1402 1638 1548 1691 παρῆν,
1570 1632 1640 1685 ,ὥς
1663 1635 1756 1677 ἀδι-

224 1710 253 1746 Β
279 1701 456 1746 κούντων
479 1705 635 1746 ἐκείνων
658 1704 1004 1759 κατεψηφίσαντο,
1042 1704 1110 1746 καὶ
1133 1703 1184 1745 τὰ
1207 1708 1280 1746 τοῦ
1305 1705 1518 1760 Καίσαρος
1539 1703 1757 1760 ἐπρέσβευ-

277 1788 367 1815 σαν.
436 1774 502 1814 καὶ
526 1770 637 1827 μάχη
660 1771 811 1825 μεταξὺ
836 1771 970 1814 αὐτῶν
994 1770 1307 1829 συγκεκρότητο,
1337 1773 1441 1817 καθ’
1468 1765 1518 1827 ἢν
1540 1764 1757 1830 ὗπερέσχεν

371 1901 395 1935 4
418 1897 686 1945 συνεκρᾶτησε,
723 1912 776 1934 om
809 1897 872 1934 καὶ
898 1900 967 1935 τοῦ
989 1912 1028 1935 τε
1060 1899 1203 1936 κόλπου
1225 1900 1362 1947 χρόνον
1383 1897 1468 1937 τινὰ
1493 1887 1688 1946 ἐκράτησε,
1710 1901 1754 1936 Β.

373 1950 395 1982 5
420 1944 466 1981 τὰ
489 1947 562 1982 τῶν
587 1944 764 1982 ἐναντίων
786 1947 846 1980 ΑΒ
873 1947 950 1991 Dio,
975 1944 1062 1987 τοὺς
1084 1943 1277 1989 ἐναντίους
1299 1949 1387 1983 PW.
1509 1949 1554 1984 12
1576 1943 1688 1993 ἤνυσε
1711 1947 1753 1981 Β.

374 1993 417 2029 13
442 1989 507 2028 τὸν
523 2005 585 2042 'om
610 1992 652 2029 B.
793 1990 958 2037 ἐκφήνας
981 2005 1036 2027 om
1063 1994 1105 2029 C.

281 2107 415 2141 Caesar
439 2107 632 2142 aestuabat.
680 2117 759 2139 nam
783 2116 876 2139 mare
900 2105 1053 2140 Siculum
1076 2118 1097 2140 a
1121 2106 1230 2140 Sexto
1252 2106 1449 2149 tenebatur,
1473 2105 1568 2141 sinus
1590 2105 1711 2140 Ionius
1734 2117 1756 2141 a

277 2153 343 2188 Cn.
368 2152 542 2194 Domitio,
577 2152 636 2196 qui
670 2164 714 2185 ex
741 2151 903 2185 Caesaris
934 2152 1199 2197 percussoribus
1224 2163 1332 2194 unus,
1366 2163 1405 2197 e⁴
1415 2160 1534 2197 pugna
1554 2152 1756 2198 ,Philippica

276 2199 416 2244 elapsus
451 2198 563 2232 classe
595 2203 794 2242 comparata
825 2197 1042 2233 adversarios
1074 2199 1276 2242 infestabat.
1311 2197 1372 2235 ‚ob
1399 2209 1472 2232 eam
1497 2198 1607 2243 igitur
1631 2199 1755 2234 famem

275 2250 313 2278 et
347 2245 436 2279 aliis·
457 2245 500 2278 de
532 2243 643 2278 causis
668 2244 840 2277 seditione
857 2249 947 2277 ⁴orta
970 2244 1061 2277 inter
1084 2245 1219 2289 plebem
1245 2248 1279 2278 et
1304 2243 1430 2277 milites
1456 2243 1501 2278 ad
1526 2255 1643 2278 manus
1668 2255 1755 2278 ven-

274 2295 346 2324 tum
372 2295 445 2324 est:
482 2290 646 2334 utrinque
671 2290 805 2334 aliquot
828 2289 1003 2324 vulnerati
1027 2297 1064 2323 et
1087 2290 1203 2334 caesi,
1227 2294 1265 2322 et
1287 2290 1479 2334 complures
1503 2289 1755 2331 aedes'incen·-

275 2347 348 2372 sae.
395 2337 448 2370 his
483 2338 587 2370 rebus
611 2336 758 2369 territus
782 2335 914 2376 Caesar
937 2346 1011 2369 cum
1039 2335 1165 2371 Fulvia
1190 2341 1226 2376 et
1249 2334 1358 2368 Lucio
1383 2335 1524 2370 consule
1540 2335 1584 2369 in
1606 2336 1753 2381 gretiam

273 2382 391 2420 redire
416 2382 561 2417 studuit.
611 2382 671 2414 sed
706 2379 992 2415 reconciliatione
1024 2393 1088 2426 per
1120 2382 1241 2418 multos
1276 2381 1362 2414 alios
1394 2387 1430 2415 et
1464 2381 1591 2416 milites
1622 2383 1755 2417 frustra

273 2434 410 2463 tentata
435 2433 616 2462 senatores
641 2427 754 2469 misit,
779 2438 930 2471 eosque,
957 2428 1073 2472 pactis
1096 2439 1187 2474 quae
1211 2438 1285 2461 cum
1309 2427 1460 2462 Antonio
1485 2428 1621 2461 fecerat
1645 2439 1753 2473 expo-

274 2474 371 2517 sitis,
406 2473 722 2517 controversiarum
746 2472 880 2506 iudices
909 2473 1069 2517 sumpsit.
1117 2473 1177 2518 qui
1202 2485 1278 2507 cum
1302 2484 1367 2506 neo
1389 2473 1458 2518 ipsi
1483 2472 1664 2518 quicquam
1687 2474 1752 2507 im-

273 2526 486 2566 petrassent,
511 2530 632 2553 rursus
657 2519 699 2552 ad
726 2518 852 2552 milites
875 2519 1069 2560 inclinavit.
1094 2518 1128 2552 hi
1153 2529 1236 2552 vero
1259 2519 1403 2552 Romam
1424 2518 1588 2563 ingressi,
1613 2523 1652 2553 ut
1675 2531 1751 2554 cum

276 2572 403 2603 senatu.
424 2566 623 2611 populoque
646 2565 760 2598 acturi
786 2564 936 2609 aliquid,
960 2565 1016 2598 iis
1048 2564 1216 2609 neglectis
1241 2564 1277 2598 in
1301 2565 1475 2610 Capitolio
1499 2571 1752 2610 convenerunt,

276 2617 312 2645 et
336 2613 450 2656 pactis
475 2622 564 2655 quae
587 2610 731 2647 recitari
756 2610 822 2645 sibi
846 2613 1020 2654 iusserant
1043 2610 1272 2653 confirmatis,
1307 2611 1514 2657 semetipsos
1548 2617 1752 2652 controver-

275 2658 403 2691 siarum
428 2657 562 2691 iudices
585 2657 856 2698 constituerunt.
893 2669 934 2691 ac
960 2656 1112 2690 Caesare
1136 2656 1179 2690 ad
1205 2656 1296 2690 diem
1319 2660 1446 2691 statum
1471 2667 1607 2690 causam
1631 2657 1749 2691 dicere

274 2708 413 2748 parato,
439 2703 594 2737 Fulviam
619 2708 656 2736 et
679 2702 852 2735 consulem
877 2704 1042 2739 absentes
1065 2705 1103 2735 ut
1126 2700 1272 2736 iniurios
1296 2703 1589 2744 condemnarunt,
1619 2699 1751 2742 Caesa-

275 2749 325 2783 ris
349 2760 454 2783 causa
476 2749 638 2794 probata.
687 2748 776 2783 inde.
800 2759 919 2793 pugna
948 2748 1042 2783 inter
1070 2747 1317 2783 dissentientes
1349 2753 1445 2793 orta,
1478 2747 1516 2782 in
1548 2759 1618 2794 qua
1650 2748 1747 2783 multi
