1832 3126
256 88 319 133 10
725 91 951 136 IOANNIS
980 92 1239 137 ZONARAE

253 200 472 255 διάλειμμα
494 202 695 247 ἐποιοῦντο
719 209 793 260 τῆς
814 204 1011 258 αὕλακος,
1035 206 1080 249 τὸ
1106 205 1279 262 ἄροτρον
1301 205 1504 261 ἀνέχοντες
1519 207 1714 267 ὕπερθεν..
1736 219 1746 227 ”
1808 195 1817 234 ζ·

253 275 332 313 πᾶν
363 270 436 323 μὲν
466 271 544 328 γὰρ
566 277 694 326 τεῖχος
715 275 940 328 νομίζουσιν
963 272 1089 332 ἱερόν·
1122 274 1196 325 τὰς
1218 275 1262 317 δὲ
1284 273 1414 326 πύλας
1436 276 1543 334 εἴπερ
1563 276 1710 334 ἥγηντο

253 336 364 394 ἱεράς
372 369 384 389 ,
418 337 490 380 οὐκ
521 333 571 394 ἦν
602 340 654 382 τὰ
682 342 755 394 μὲν
786 342 845 384 δι’
872 342 1004 386 αὐτῶν
1027 340 1198 399 εἰσάγειν
1219 343 1269 387 τὰ
1295 344 1339 385 δὲ
1361 344 1608 400 ἀποπέμπειν
1629 351 1710 391 τῶν

252 406 478 462 ἀναγκαίων
500 409 566 450 καὶ
589 407 646 463 μὴ
671 413 882 467 καθαρῶν.
1399 415 1406 424 ’
1571 446 1574 451 -

378 472 442 516 ‘H
457 475 502 517 δὲ
522 477 646 526 κτίσις
667 482 739 532 τῆς
760 476 912 528 πόλεως
933 475 1082 533 ταύτης
1101 476 1233 538 ἡμέρᾳ
1250 478 1450 529 τετέλεστο
1474 483 1524 536 τῇ
1540 480 1622 538 πρὸ
1643 479 1741 528 ἕν-Ξι

251 543 348 585 ὁεκα
381 546 593 586 καλανδῶν
617 548 794 598 Μαίων,
834 545 863 602 ἢ
894 545 945 588 ἂν
967 546 1026 602 εἴη
1061 546 1219 602 εἰκοστὴ
1243 547 1493 603 Ἀπριλλίου·
1536 550 1611 592 καὶ.
1628 548 1708 604 »τὴν

80 613 127 647 W
149 613 185 647 11
207 613 230 649 6
252 609 406 668 ἡμέραν
427 610 576 667 ταύτην
597 611 828 671 ἑορτάζουσι
845 613 1058 668 ζΡωμαῖοι,
1091 614 1295 670 γενέθλιον
1311 620 1383 670 τῆς
1401 616 1595 672 πατρίδος
1615 616 1708 661 ὅνο-

199 694 228 728 c
251 678 454 733 μάζοντες.
522 681 789 724 ὀκτωκαίδεκα
823 682 864 724 δ’
905 681 1004 725 εἶναι
1030 681 1242 737 ζΡωμύλος
1273 684 1463 727 ἐνιαυτῶν
1485 683 1708 741 ἀναγέγρα-

248 765 345 790 πται
367 747 431 790 ὅτε
454 748 526 803 τὴν
542 747 708 805 ζΡώμην
731 748 958 808 συνῴκισεν.
1028 749 1153 794 ἔκτισε
1187 752 1231 794 δὲ
1261 751 1388 807 αὐτὴν
1418 754 1508 809 περὶ
1538 752 1612 808 τὴν
1633 758 1707 797 τοῦ

253 815 520 860 Φαυστούλου
544 817 718 872 οἴκησιν·
753 817 962 873 ὥνόμαστο
987 819 1028 862 δ’
1056 817 1077 861 ὅ
1096 824 1232 875 χῶρος
1253 818 1476 865 Παλάτιον.
1715 829 1761 866 10
1824 829 1832 873 j

383 885 628 939 Κτισθείσης
659 886 795 938 μέντοι
825 891 897 940 τῆς
927 885 1101 938 πόλεως,
1148 886 1245 930 ὅσον
1265 888 1338 942 μὲν
1360 890 1402 930 ἐν
1422 886 1557 948 ἡλικίᾳ
1576 903 1703 946 στρα-

247 952 422 1008 τευσίμῳ
456 954 617 1005 πλῆθος
646 950 879 1007 ἐτύγχανεν,
927 954 982 1002 εἷς
1011 955 1280 1008 στρατιωτικὰ
1301 958 1423 999 διεῖλε
1445 953 1706 1012 συντάγματα

246 1019 441 1074 (ἕκαστον
453 1019 496 1060 δὲ
508 1018 717 1074 σύνταγμα
734 1022 860 1072 πεζῶν
882 1021 1109 1076 τρισχιλίων
1129 1015 1185 1076 ἦν
1198 1023 1264 1064 καὶ
1286 1025 1523 1079 τριακοσίων
1540 1024 1704 1077 ἱππέων,

246 1085 399 1142 ἐκλήθη
425 1088 468 1129 δὲ
491 1086 646 1142 λεγεών,
682 1087 742 1131 ὅτι
766 1087 932 1144 λογάδες
953 1084 1057 1143 ἦσαν
1079 1090 1123 1131 ἐκ
1146 1087 1305 1133 πάντων
1329 1091 1367 1132 οἳ
1387 1089 1599 1147 μάχιμοι),
1621 1098 1706 1143 τοῖς
1820 1122 1832 1136 γι

246 1156 289 1196 δ’
316 1155 453 1206 ἄλλοις
486 1154 601 1213 δήμῳ
625 1157 825 1212 ἐκέχρητο.
892 1159 958 1199 καὶ
981 1156 1050 1200 τὸν
1074 1159 1202 1211 δῆμον
1223 1157 1451 1209 ποπούλους
1473 1158 1759 1215 ὠνόμασεν”15
1822 1149 1832 1213 Ξ

246 1221 345 1266 ὅθεν
367 1225 433 1265 καὶ
455 1224 567 1280 παρὰ
590 1231 677 1275 ταῖς
697 1227 856 1279 βίβλοις
879 1232 967 1276 ταῖς
989 1232 1171 1279 νομικαῖς
1192 1228 1445 1285 ποπουλαρία
1465 1227 1652 1283 κέκληται
1674 1227 1701 1283 ἡ

188 1301 219 1335 D
245 1291 441 1350 δημοτικὴ
466 1291 614 1348 ἀγωγή.
682 1298 761 1336 τῶν
782 1294 918 1348 μέντοι
940 1294 1283 1351 περιφανεστέρων
1312 1294 1414 1351 γένει
1433 1312 1476 1338 τε
1497 1297 1564 1338 καὶ
1587 1297 1703 1340 συνέ-

246 1376 305 1402 σει
329 1362 394 1402 καὶ
417 1361 508 1413 βίου
533 1361 680 1417 αἱρέσει
703 1360 844 1404 ἑκατὸν
868 1362 1045 1412 ἀπέδειξε
1067 1361 1314 1416 βουλευτάς,
1348 1365 1581 1421 πατρικίους
1612 1364 1702 1408 ὄνο-

243 1426 380 1481 μάσας
403 1427 572 1479 αὐτούς·
605 1429 651 1472 τὸ
677 1431 720 1472 δὲ
743 1430 881 1474 λοιπὸν
911 1429 1098 1486 σύστημα
1121 1429 1286 1474 σενάτον
1308 1430 1642 1489 προσηγόρευσεν,
1677 1431 1700 1476 ὅ

242 1497 325 1538 ἐστι
347 1497 546 1554 γερουσία.
614 1499 813 1556 πατρίκιοι
834 1498 969 1553 μέντοι
992 1500 1030 1541 οἳ
1051 1501 1265 1553 βουλευταὶ
1287 1498 1567 1556 ἔπεκλήθησαν
1586 1499 1612 1555 ἢ
1634 1490 1700 1544 ’ὅτι
1709 1507 1756 1542 20

332 1625 355 1660 3
380 1619 520 1660 ἑαυτῶν
542 1625 586 1660 Α.
770 1627 792 1662 6
815 1623 841 1672 ἢ
864 1623 913 1663 ἂν
933 1628 991 1673 εἴη
1014 1628 1155 1673 μᾶλλον
1178 1625 1324 1672 εἰκοστὴ
1347 1624 1525 1674 ἄπριλλίφ
1547 1627 1592 1663 Α.
1615 1628 1701 1663 haec

331 1682 399 1705 non
422 1672 585 1716 leguntur
607 1672 699 1718 apud
720 1673 954 1711 Plutarchum.
1055 1674 1079 1709 8
1099 1670 1348 1708 ὀκτωκαίδεκα
1370 1691 1418 1699 -
1442 1675 1487 1709 10
1510 1672 1702 1709 Παλάτιον

331 1718 456 1752 Dionis
477 1723 675 1764 excerptum
701 1719 923 1754 Valesianum
947 1719 983 1754 3.
1052 1721 1097 1754 10
1121 1720 1168 1753 cf.
1191 1720 1254 1754 lib.
1281 1721 1324 1754 10
1347 1731 1426 1764 cap.
1449 1720 1508 1762 32,
1519 1730 1614 1773 pag.
1631 1720 1701 1756 533

331 1775 350 1796 c
373 1763 460 1798 edit.
484 1764 600 1799 Paris.
749 1765 794 1800 12
817 1763 954 1810 πλήθει
975 1765 1098 1800 BCW.
1119 1760 1250 1810 “Regii
1275 1770 1313 1799 et
1337 1766 1438 1800 Colb.
1460 1765 1620 1809 πληθος,
1644 1769 1699 1799 at-

292 1816 294 1818 ·
330 1819 400 1853 que
429 1809 481 1843 ita
513 1807 798 1845 emendavimus”
827 1811 1059 1847 Ducmems.
1244 1811 1289 1846 16
1320 1806 1414 1846 ὅθεν
1436 1829 1481 1836 —
1506 1809 1551 1846 17
1574 1807 1699 1855 ἀγωγή

328 1855 506 1889 Plutarchi
529 1856 646 1890 verbis
670 1856 788 1891 addita
810 1861 902 1891 sunt.
1074 1857 1117 1892 19
1141 1852 1296 1900 λοιπὸν]
1321 1856 1372 1890 sic
1397 1856 1478 1890 libri
1501 1865 1590 1890 mss:
1620 1857 1698 1890 PW

329 1900 445 1954 ‹upa'iu¹
464 1898 608 1936 λοιπὸν.
637 1902 738 1945 σφῶν
766 1914 890 1937 recens
920 1903 1131 1946 adscriptum
1163 1902 1310 1947 margini
1332 1903 1375 1937 C.
1398 1901 1606 1936 Plutarchus
1636 1899 1700 1936 καὶ

331 1943 467 1998 αρτους
496 1942 565 2026 μὲν
595 1946 833 1991 πατρικίους,
864 1943 907 1982 τὸ
937 1944 980 1982 δὲ
1015 1946 1179 1992 σύστημα
1207 1944 1363 1982 σενάτον
1392 1943 1696 1991 προσηγόρευσεν.

330 2001 486 2035 σεναγον
543 2019 550 2027 .
978 2000 982 2007 “

240 2108 313 2148 est,
338 2103 462 2138 ductus
484 2103 572 2138 fuit:
603 2103 665 2137 ubi
686 2115 771 2137 vero
794 2106 913 2150 portas
937 2107 1117 2138 exstruere
1147 2103 1390 2146 instituerunt,
1422 2106 1540 2137 aratro
1562 2113 1697 2138 sursum

238 2151 329 2184 elato
366 2150 495 2183 sulcum
528 2149 805 2194 interruperunt.
853 2161 931 2184 nam
961 2161 1093 2183 omnem
1127 2159 1258 2182 murum
1290 2152 1448 2183 sanctum
1479 2152 1640 2184 censent:
1666 2150 1695 2184 si

239 2207 323 2230 vero
346 2201 468 2240 portas
492 2195 594 2228 etiam
618 2199 755 2229 sanctas
780 2199 981 2239 censerent,
1013 2206 1082 2229 non
1114 2194 1236 2239 utique
1257 2205 1314 2228 res
1336 2194 1550 2229 necessarias
1573 2199 1610 2229 et
1631 2194 1695 2230 im-

239 2241 380 2277 mundas
403 2253 466 2286 per
488 2251 547 2275 eas
571 2241 628 2274 vel
650 2241 779 2275 inferre
802 2242 1008 2278 veleefferre
1028 2241 1162 2274 liceret.

373 2287 482 2321 Urbis
505 2286 702 2320 aedificatio
718 2288 897 2321 undecimo
912 2288 990 2323 Kal.
1006 2287 1128 2327 Maias,
1152 2286 1216 2319 hoc
1239 2289 1295 2319 est
1309 2285 1477 2331 vigesimo
1494 2284 1623 2331 Aprilis
1640 2289 1695 2320 est

238 2335 414 2368 absoluta:
442 2333 500 2378 qui
523 2332 598 2366 dies
615 2332 776 2366 Romanis
793 2334 905 2367 festus
930 2337 986 2367 est
1007 2336 1045 2366 et
1064 2331 1200 2378 patriae
1222 2332 1349 2365 natalis
1372 2331 1578 2376 appellatur.
1624 2343 1692 2376 quo

238 2386 392 2425 tempore
415 2382 605 2413 memorant
626 2378 805 2412 Romulum
830 2379 874 2414 18
905 2390 1069 2413 annorum
1092 2378 1214 2412 fuisse.
1259 2377 1416 2411 condidit
1438 2381 1554 2412 autem
1576 2378 1694 2412 urbem

237 2438 279 2460 eo
303 2427 339 2460 in
363 2427 439 2459 loco
462 2425 522 2459 ubi
546 2424 734 2458 Faustulus
759 2425 952 2468 habitabat,
977 2424 1037 2470 qui
1057 2424 1151 2458 locus
1172 2423 1344 2457 Palatium
1365 2423 1556 2460 dicebatur.

373 2472 470 2505 Urbe
488 2471 656 2516 perfecta,
681 2470 742 2514 qui
758 2470 896 2504 militari
911 2474 1026 2505 aetate
1041 2473 1151 2512 erant,
1169 2480 1229 2503 eos
1246 2469 1283 2503 in
1298 2469 1462 2514 legiones,
1482 2468 1564 2503 inde
1582 2467 1693 2502 dictas

233 2517 327 2563 quod
350 2518 440 2551 bello
464 2517 538 2563 apti
562 2529 606 2550 ex
629 2516 785 2550 omnibus
809 2517 1018 2562 legerentur,
1044 2515 1241 2550 distribuit:
1269 2515 1396 2560 reliqui
1420 2514 1536 2560 populi
1559 2513 1691 2548 nomine

231 2564 472 2598 censebantur.
519 2562 612 2597 unde
642 2562 734 2606 apud
768 2563 1019 2597 iureconsultos
1041 2560 1216 2607 popularis
1241 2561 1332 2594 actio
1355 2565 1494 2595 vocata.
1539 2559 1691 2594 habebat

228 2614 343 2644 autem
375 2613 448 2643 tum
480 2609 572 2653 legio
605 2612 661 2642 ter
692 2608 846 2642 millenos
879 2609 1018 2654 pedites
1040 2611 1076 2642 et
1095 2610 1315 2641 trecentenos
1339 2606 1486 2652 equites.
1541 2617 1585 2640 ex
1612 2604 1691 2639 illu·

226 2655 410 2689 strioribus
446 2666 576 2699 genere
607 2654 795 2698 prudentia
833 2658 869 2688 et
897 2655 1058 2689 instituto
1089 2653 1187 2688 vitae
1219 2656 1352 2687 centum
1383 2655 1479 2687 creat
1501 2653 1692 2693 senatores,

227 2713 313 2746 quos
347 2701 515 2747 patricios
546 2686 757 2743 nominavit,
790 2704 930 2734 coetum
961 2705 1132 2735 senatum.
1186 2702 1365 2733 senatores
1394 2708 1497 2743 porro
1529 2695 1691 2742 appellati

227 2748 324 2782 fuere
354 2746 495 2792 patricii
528 2747 605 2782 sive
637 2746 728 2791 quod
754 2745 979 2792 ingenuorum
1003 2746 1152 2780 liberum
1176 2748 1294 2790 patres
1317 2747 1458 2787 essent,
1494 2753 1557 2777 seu
1578 2741 1691 2788 potius
