1820 3120
262 93 364 143 390
742 77 972 140 IOANNIS
1001 92 1264 140 zoNARAE

388 206 600 259 Ἀντώνιος
622 208 667 251 δὲ
691 209 760 252 τὸν
781 209 989 266 Ἀρμένιον
1011 207 1330 266 τιμωρήσασθαι
1357 207 1737 265 μηχανώμενοςοῦκ

260 277 411 319 ἐνέλιπε
435 274 567 319 πάντα
590 277 709 320 λίθον
731 283 863 330 κινῶν,
898 278 944 320 τὸ
967 281 1040 332 τῆς
1061 278 1304 333 παροιμίας,
1338 277 1413 328 ἕως
1435 278 1558 321 αὖτὸν
1578 277 1739 335 ὑπηγά-

260 362 349 400 γετο
375 348 430 395 εἷς
453 345 499 387 τὸ
522 344 797 402 στρατόπεδον
820 349 1028 389 εἰσελθεῖν.
1086 343 1323 388 εἰσελθόντα
1348 346 1394 388 δέ
1415 346 1584 401 κατέσχε
1604 350 1672 390 καὶ
1695 349 1738 391 ἐν

262 413 427 471 ἀδέσμῳ
455 411 533 467 εἶχε
565 418 750 473 φρουρᾷ,
786 416 853 457 καὶ
876 419 1061 471 περιῆγεν
1083 413 1207 456 αὐτὸν
1230 413 1335 456 κατὰ
1357 414 1409 457 τὰ
1433 412 1612 472 φρούρια
1633 414 1738 459 ἔνθα

260 482 394 539 ἐκείνῳ
418 482 457 524 οἳ
478 485 685 540 θησαυροὶ
709 483 976 534 ἓναπέκειντο,
1005 481 1190 526 σπεύδων
1214 481 1362 532 αὐτοὺς
1383 486 1533 537 λαβεῖν.
1601 481 1658 534 ὥς
1690 485 1730 527 δ’
1747 492 1772 527 5

262 549 380 592 οὐδὲν
397 549 515 605 ἤνυεν
541 551 596 605 (οἱ
618 552 696 607 γὰρ
715 551 915 609 Ἀρμένιοι
938 554 1018 593 τῶν
1041 552 1197 593 παίδων
1220 551 1345 593 αὐτοῦ
1369 550 1438 593 τὸν
1461 549 1739 609 πρεσβύτατον

209 625 241 659 D
264 617 333 661 τὸν
359 618 557 676 Ἀρτάξην
586 620 759 672 βασιλέα
790 621 1057 674 ἀνθείλοντο),
1092 619 1233 674 ἔδησεν
1255 619 1378 662 αὐτὸν
1401 616 1590 663 ἁλύσεσιν
1611 620 1739 678 ἀργυ-

58 693 238 729 w11155
264 693 377 744 ραΐς,
413 687 531 729 οἱονεὶ
565 687 685 742 τιμὴν
719 688 828 747 αὐτῷ
863 686 1013 743 ταύτην
1045 687 1175 742 νέμων
1207 686 1262 738 ὥς
1291 687 1476 742 βασιλεῖ’·
1512 689 1580 730 καὶ
1602 693 1740 732 πᾶσαν

260 755 334 808 τὴν
352 756 562 812 Ἀρμενίαν
585 757 777 810 κατέσχε,
818 761 892 798 τοῦ
919 754 1116 813 Ἀρτάξου
1150 756 1253 814 πρὸς
1283 756 1378 807 τοὺς
1398 754 1607 814 Πάρθους
1633 757 1738 801 ἀπο-

255 821 541 880 χωρήσαντος,
577 826 734 881 ἐπείπερ
757 823 906 880 ἡττᾶτο
928 822 1171 880 μαχόμενος.
1747 833 1795 869 10

392 890 600 949 Ἀντώνιος
631 893 674 935 δὲ
706 893 759 936 τὰ
787 894 862 948 μὲν
893 891 1178 950 στρατεύματα
1201 895 1258 942 εἰς
1283 886 1494 949 Ἀρμενίαν
1514 893 1738 946 κατέλιπεν,

261 958 384 1010 αὐτὸς
407 962 432 1002 δ
438 960 450 976 ²
478 961 729 1016 ἀνεκομίσθη
753 962 855 1018 πρὸς
877 962 1101 1018 Αἴγυπτον,
1135 961 1239 1016 μετὰ
1261 964 1335 1016 τῆς
1357 961 1546 1017 γυναικὸς
1566 963 1635 1004 καὶ
1657 967 1740 1005 τῶν

259 1029 417 1070 παίδων
441 1027 550 1085 ἄγων
574 1031 658 1072 ἐκεῖ
674 1030 744 1073 τὸν
759 1030 991 1088 Ἀρμένιον·
1027 1033 1094 1073 καὶ
1125 1028 1198 1083 τήν
1221 1046 1263 1072 τε
1287 1030 1396 1072 λείαν
1418 1033 1469 1086 τῇ
1492 1029 1739 1091 Κλεοπάτρᾳ

260 1097 500 1153 ἐχαρίσατο,
535 1100 603 1140 καὶ
634 1099 703 1141 τὸν
728 1099 936 1156 Ἀρμένιον
966 1099 1070 1153 μετὰ
1102 1102 1184 1142 τῶν
1207 1098 1360 1141 οἷκείων
1385 1098 1616 1155 περιβαλὼν
1631 1115 1741 1156 χρυ-

260 1165 366 1215 σέοις
390 1167 554 1220 δεσμοῖς
585 1168 710 1224 ἐκείνῃ
742 1166 1010 1225 προσήγαγεν.
1080 1167 1119 1210 οἳ
1155 1168 1199 1210 δὲ
1234 1165 1336 1209 οὗθ’
1375 1167 1581 1210 ἱκέτευσαν
1612 1167 1795 1225 αὐτὴνΙὸ

260 1231 350 1276 οὔτε
371 1234 454 1288 μὴν
477 1234 792 1291 προσεκύνησαν,
822 1236 916 1278 ἀλλ’
944 1237 1138 1290 ὀνομαστὶ
1162 1232 1507 1293 προσηγόρευσαν.

396 1303 523 1345 Μετὰ
555 1304 599 1345 δὲ
633 1309 750 1347 τοῦτο
785 1305 858 1359 τὴν
882 1303 1152 1362 Κλεοπάτραν
1168 1302 1379 1354 Ἀντώνιος
1398 1304 1595 1358 βασιλίδα
1615 1308 1740 1357 βασι-

78 1373 108 1407 Ρ
131 1373 150 1408 Ι
172 1374 241 1411 522
264 1369 365 1412 λε’ων
388 1375 605 1415 καλεῖσθαι
628 1373 827 1425 ἐκέλευσε,
873 1375 941 1416 καὶ
966 1377 1038 1416 τοῦ
1060 1374 1258 1430 προτέρου
1283 1373 1496 1430 Καίσαρος
1518 1372 1645 1426 αὐτὴν
1666 1373 1740 1427 μὲν

257 1446 426 1492 γυναῖκα
456 1438 660 1494 ὠνόμαζε,
696 1441 766 1484 τὸν
790 1443 834 1484 δὲ
856 1442 944 1484 υἱὸν
968 1443 1094 1497 αὐτῆς
1117 1443 1244 1483 παῖδα
1280 1442 1428 1484 ἐκείνου
1465 1438 1521 1491 ὥς
1552 1441 1737 1496 ἀληθῶς,

255 1507 326 1548 ’ίνα
359 1508 428 1550 τὸν
452 1510 647 1566 Καίσαρα
669 1509 738 1552 τὸν
757 1508 972 1564 Ὀκτάβιον
996 1508 1051 1561 ὥς
1074 1510 1241 1565 ποιητὸν
1263 1511 1412 1552 ἐκείνου
1437 1510 1564 1552 παῖδα
1587 1511 1656 1552 καὶ
1677 1510 1795 1565 μὴΞο

259 1573 423 1631 γνήσιον
447 1576 647 1634 διαβάλῃ,
673 1580 739 1621 καὶ
757 1578 899 1636 χώρας
921 1580 1059 1629 αὐτοῖς
1082 1578 1222 1633 ἔνειμε.
1266 1586 1351 1628 τοῖς
1373 1578 1414 1620 δ’
1442 1579 1600 1629 οἰκείοις
1623 1580 1739 1622 παισὶ

261 1651 345 1695 τοῖς
367 1646 410 1687 ἐκ
434 1650 505 1701 τῆς
524 1645 814 1704 Κλεοπάτρας,
845 1648 1100 1702 κεκλημένοις
1119 1648 1367 1707 Πτολεμαίῳ
1389 1648 1457 1689 καὶ
1475 1644 1738 1705 Ἀλεξάνδρῳ,

352 1773 375 1807 2
399 1769 556 1820 ἐνέλιπε]
580 1771 740 1820 ἐνέμεινε
764 1777 807 1812 C.
945 1776 967 1812 7
992 1772 1146 1822 βασιλέα
1166 1772 1392 1811 ἄνθείλοντο
1415 1771 1483 1811 τὸν
1506 1741 1673 1821 εἷρτοίξην
1693 1778 1738 1813 Α.

352 1815 551 1865 ἀργυραῖς]
587 1822 758 1866 σιδηραῖς
791 1817 820 1867 ἢ
850 1818 1104 1867 ἀληθέστερον
1135 1819 1313 1867 ἀργυραῖς
1344 1823 1435 1858 alter
1471 1823 1594 1864 Wolfii
1627 1823 1739 1858 codex

351 1866 431 1910 Fug
458 1877 599 1901 erarius:
632 1868 703 1901 Dio
740 1866 870 1913 ἔδησεν
901 1865 1017 1903 αὐτὸν
1045 1864 1226 1913 ἀργυραῖς
1252 1864 1443 1903 ἀλύσεσιν·
1479 1863 1634 1914 αἰσχρὸν
1666 1865 1737 1913 γὰρ

354 1908 403 1950 ὥς
448 1923 548 1947 οικεν
572 1905 620 1957 ἦν
646 1912 796 1958 βασιλέα
822 1910 936 1949 αὐτὸν
960 1914 1139 1958 γεγονότα
1160 1914 1330 1959 σιδηραῖς
1350 1913 1423 1948 ὃεθ
1435 1913 1525 1948 ’ναι.
1574 1915 1622 1948 cf.
1652 1926 1736 1961 pag.

352 1957 421 1994 569
444 1958 487 1994 D.
626 1959 672 1995 14
694 1955 786 2005 μετὰ
810 1961 883 1994 τῶν
908 1957 1055 1995 οἰκείων
1078 1972 1133 1996 om
1157 1961 1201 1995 C.
1340 1959 1385 1996 17
1409 1959 1431 1994 δ
1480 1959 1548 1994 add
1570 1959 1646 1998 AB.

399 2070 573 2106 Antonius
595 2083 681 2106 vero
705 2071 862 2111 Armenii
883 2073 1071 2107 ulciscendi
1093 2073 1240 2118 cupidus
1262 2083 1395 2107 omnem
1417 2071 1579 2118 lapidem,
1602 2075 1644 2108 ut
1659 2085 1740 2118 pro-

260 2116 385 2151 verbio
408 2117 560 2161 dicitur,
595 2118 718 2162 movit,
755 2119 864 2153 donec
893 2119 930 2153 in
964 2124 1080 2153 castra
1110 2119 1294 2163 pellectum
1317 2118 1590 2164 comprehendit.
1638 2123 1676 2155 et
1700 2120 1737 2155 in

258 2162 368 2197 libera.
404 2164 564 2198 custodia
597 2165 640 2198 ad
678 2176 720 2199 ea
753 2165 898 2199 castella
930 2164 1159 2199 circumduxit
1191 2165 1249 2198 ubi
1282 2164 1439 2199 thesauri
1477 2165 1553 2199 eius
1587 2166 1738 2211 repositi

262 2212 381 2252 erant,
411 2210 539 2253 quibus
569 2210 676 2255 potiri
707 2212 884 2246 studebat.
933 2211 994 2245 sed
1029 2222 1105 2246 cum
1139 2211 1225 2244 nihil
1254 2211 1440 2256 proficeret
1465 2210 1561 2254 (nam
1583 2211 1738 2246 Armenii

262 2253 369 2288 filium
393 2256 470 2289 eius
493 2261 578 2289 natu
602 2256 782 2291 maximum
806 2258 974 2291 Artaxem
997 2268 1115 2301 regem
1139 2257 1213 2290 eius
1237 2256 1312 2290 loco
1336 2256 1527 2300 fecerant),
1551 2267 1628 2292 eum
1645 2269 1738 2292 oom-

263 2299 409 2344 pedibus
439 2301 615 2346 argenteis
647 2302 740 2347 regii
773 2303 916 2336 honoris
938 2313 1045 2337 causa
1069 2302 1203 2344 vinxit3
1237 2313 1279 2336 ac
1302 2306 1410 2336 totam
1432 2302 1629 2337 Armeniam
1651 2304 1739 2339 aub-

263 2345 347 2391 egit.
393 2346 544 2381 Artaxes
569 2359 653 2382 vero
679 2348 756 2382 acie
780 2349 893 2382 victus
917 2349 960 2382 ad
985 2349 1134 2382 Parthos
1153 2347 1331 2393 confugit.

398 2391 569 2427 Antonius
591 2394 787 2438 legionibus
812 2395 849 2428 in
865 2394 1026 2428 Armenia
1050 2393 1178 2428 relictis
1201 2394 1278 2438 ipse
1300 2393 1335 2426 in
1351 2392 1548 2439 Aegyptum
1571 2404 1738 2428 reversus

263 2440 329 2478 est,
351 2437 551 2473 Armenium
567 2451 642 2473 cum
660 2451 765 2474 uxore
783 2445 818 2474 et
832 2441 953 2474 liberis
978 2452 1018 2474 eo
1043 2440 1237 2480 abducens3
1263 2440 1461 2484 praedaque
1485 2440 1613 2473 donata
1629 2439 1737 2474 Cleo-

260 2488 406 2527 patrae,
442 2484 641 2519 Armenium
665 2497 741 2520 cum
766 2486 859 2528 suis,
896 2485 1012 2520 aureis
1038 2485 1173 2520 catenis
1197 2485 1373 2527 vinctum,
1408 2485 1454 2519 ad
1477 2495 1552 2519 eam
1576 2485 1735 2520 adduxit.

260 2528 309 2562 illi
333 2541 418 2563 vero
442 2542 507 2564 nec
532 2530 706 2576 supplices
731 2533 865 2566 mulieri
890 2532 978 2566 facti
1000 2536 1082 2566 sunt
1103 2542 1216 2577 neque
1240 2542 1314 2564 eam
1339 2531 1552 2575 adorarunt,
1585 2531 1647 2565 sed
1670 2542 1734 2565 suo

262 2574 398 2608 nomine
421 2577 685 2621 compellarunt.

404 2622 486 2656 Post
507 2623 595 2657 haec
611 2622 833 2668 Cleopatram
850 2622 1023 2656 Antonius
1046 2621 1202 2665 reginam
1221 2633 1341 2666 regum
1365 2621 1534 2668 appellari
1555 2621 1677 2662 iussit3
1700 2625 1738 2656 et

262 2665 387 2710 prioris
404 2667 566 2703 Caesaris
584 2680 736 2711 uxorem,
764 2669 868 2702 filium
883 2668 995 2714 ipsius
1013 2679 1209 2712 germanum
1227 2668 1390 2702 Caesaris
1408 2668 1514 2702 filium
1531 2667 1736 2709 nominavit,

263 2715 302 2744 ut
313 2711 498 2748 Caesarem
514 2719 678 2759 tanquam
693 2714 898 2759 adoptivum
914 2719 951 2748 et
967 2714 1114 2747 alienum
1127 2713 1385 2754 criminaretur;
1403 2714 1522 2758 eisque
1534 2713 1736 2758 provincias
1782 2745 1783 2749 ,
1804 2715 1805 2718 ’

261 2756 469 2802 assignavit.
517 2760 589 2795 suis
619 2772 705 2795 vero
737 2772 781 2795 ex
806 2760 993 2806 Cleopatra
1023 2759 1105 2794 filiis
1126 2759 1327 2794 Ptolemaeo
1350 2765 1386 2795 et
1406 2759 1606 2795 Alexandro
1628 2759 1736 2795 multa
1786 2771 1788 2774 ’
