1820 3120
250 63 354 128 364
728 74 958 125 10ANN13
992 73 1254 126 zoN‘ARAE

249 192 402 250 ἑώρακε
425 193 498 247 τὴν
523 190 649 249 αὗτὴν
673 193 970 249 ἐπιδειξάμενον
995 191 1106 251 ὄψιν,4
1145 195 1260 239 οὐδὲν
1284 195 1419 252 με’ντοι
1445 192 1727 255 φθεγξάμενον

250 262 342 304 ἀλλ’
370 259 591 315 οἰχόμενον.
661 265 727 305 καὶ
760 264 902 314 ἀετοὺς
937 262 1010 306 δύο
1034 266 1160 321 φασὶν
1185 265 1227 306 ἐν
1249 267 1473 323 μεταιχμίῳ
1496 269 1577 310 τ’ων
1600 282 1727 322 στρα·

249 330 429 373 τοπέδων
453 328 733 385 συμπεσόντας
756 331 947 385 ἀλλήλοις
968 331 1179 386 μάχεσθαι
1204 332 1329 414 τότε,
1363 332 1464 385 εἶξαι
1488 335 1533 378 δὲ
1547 335 1632 408 καὶ
1645 350 1726 391 φυ-

251 403 333 454 γεΐν
356 399 426 440 τὸν
450 399 553 441 κατὰ
578 402 775 455 Βροῦτον.

398 468 628 521 Συμβαλιὺν
652 485 722 510 ουν
745 474 828 517 τοῖς
851 460 1044 516 ἐναντίοις
1065 470 1131 509 καὶ
1157 468 1278 518 αὐτὸς
1299 464 1473 524 ἡττήθη.
1515 466 1562 512 τό
1585 484 1627 511 τε
1649 467 1760 524 γᾶρό

56 540 238 576 WII145
256 532 457 577 ὁπλιτικὸν
496 536 621 578 αὐτοῦ
658 535 882 592 ἀγχώμαλα
917 538 1167 580 ἐπιπλεΐστον
1209 536 1522 592 ἀγωνισάμενον
1548 536 1730 587 ἐνέκλινε,

252 603 330 646 κάκ
361 602 506 646 τούτου
542 606 609 646 καὶ
643 604 689 647 τὸ
723 604 882 646 ἱππικὸν
908 605 1036 646 καίτοι
1069 607 1257 660 γενναίως
1278 604 1508 660 μαχόμενον
1531 605 1732 648 ἐνέδωκεν.

254 673 438 715 ἐνταῦθα
461 673 528 714 καὶ
554 671 733 729 Μάρκος
769 672 789 716 ὃ
819 671 1013 723 Κάτωνος
1044 673 1132 724 υἱὸς
1163 676 1205 716 ἓν
1235 681 1319 724 τοῖς
1350 674 1530 730 ἀρίστοις
1551 664 1730 729 καὶ-’γεν-

253 739 480 791 ναιοτάτοις
511 745 590 783 τῶν
623 742 722 784 νέων
755 740 997 795 ταττόμενος
1029 742 1102 784 οὐκ
1140 741 1216 793 εἶξε
1253 741 1603 796 καταπονούμενος
1637 740 1731 784 οὐδὲ

255 808 413 865 ἔφυγεν,
439 810 543 851 ἀλλὰ
561 809 772 865 χρώμενος
795 815 844 867 τῇ
861 812 966 867 χειρὶ
990 813 1057 851 καὶ
1083 810 1381 868 φράζων-ὅστις
1406 812 1464 866 εἴη
1487 812 1556 854 καὶ
1578 808 1731 868 πατρό-
1744 810 1790 863 10

253 881 328 919 θεν
363 875 505 919 ἑαυτὸν
540 877 751 932 ὀνομάζων
784 878 919 921 ἔπεσεν
951 880 1013 920 ἐπὶ
1048 883 1211 930 πολλοῖς
1242 884 1322 922 τῶν
1345 880 1545 933 πολεμίων
1566 885 1733 935 νεκροῖς.

255 945 419 988 ἔπιπτον
454 947 497 988 δὲ
530 948 595 988 καὶ
629 951 710 990 τῶν
742 946 876 990 ἄλλων
907 947 945 989 οἳ
976 945 1183 1003 κράτιστοι
1210 952 1281 1005 τοῦ
1303 947 1491 1006 Βρούτου
1516 949 1733 1005 προκινδυ-

253 1012 446 1063 νεύοντες.
1141 1008 1145 1010 ’

391 1083 644 1133 Λουκίλλιος
677 1083 724 1125 δέ
746 1101 807 1132 τις
833 1083 934 1139 ἀνὴρ
961 1083 1122 1138 ἀγαθὸς
1145 1081 1250 1140 ὁρῶν
1271 1080 1511 1140 βαρβάρους
1532 1083 1644 1134 τινὰς
1668 1083 1734 1125 ἶπ-

256 1151 355 1201 πέας
378 1149 618 1201 ἐλαύνοντας
640 1150 766 1208 ῥύδην
790 1153 853 1194 ἐπὶ
877 1152 946 1194 τὸν
973 1155 1169 1208 Βροῦτον,
1194 1153 1317 1203 αὐτὸς
1333 1152 1411 1209 ἔφη
1436 1154 1616 1208 Βροῦτος
1632 1150 1732 1194 εἶναι
1745 1157 1789 1192 15

68 1226 98 1261 P
121 1226 141 1262 Ι
163 1225 233 1262 508
256 1222 323 1262 καὶ
348 1218 458 1276 ἄγειν
480 1221 605 1262 ε’δεΐτο
630 1221 693 1262 ε’πὶ
714 1222 782 1263 τὸν
809 1219 1031 1272 Ἀντώνιον,
1067 1219 1122 1270 ὥς
1154 1219 1259 1276 τάχα
1290 1220 1361 1263 τὸν
1384 1221 1577 1278 Καίσαρα
1601 1222 1734 1263 δεδοι-

257 1286 348 1338 κώς.
420 1289 458 1331 οἱ
493 1289 536 1330 δὲ
569 1284 666 1344 ἦγον
689 1290 759 1331 τὸν
783 1288 933 1345 ἄνδρα,
968 1290 1162 1344 ἀγγέλους
1187 1289 1511 1346 προπέμψαντες.
1580 1289 1666 1332 ἐπεῖ
1686 1289 1730 1330 δ’

257 1356 372 1412 ἐγγὺς
406 1352 523 1410 ἦσαν,
573 1354 593 1398 ὅ
626 1358 700 1411 μὲν
731 1356 940 1407 Ἀντώνιος
974 1357 1155 1413 διηπόρει
1189 1357 1298 1407 ὅπως
1325 1357 1407 1414 χρὴ
1444 1359 1643 1408 δέξασθαι
1666 1357 1735 1400 τὸν

256 1428 455 1481 Βροῦτον,
491 1423 511 1466 ὃ
548 1426 593 1466 δὲ
614 1427 864 1475 Λουκίλλιος
898 1428 1148 1482 προσαχθείς
1175 1424 1385 1482 “Μάρκον
1416 1426 1490 1480 μὲν
1514 1426 1731 1483 Βροῦτον”

258 1492 385 1544 εἶπεν,
425 1491 672 1546 ((Ἀντώνιε,
719 1495 851 1544 οὐδεὶς
884 1494 1032 1551 ᾕρηκεν
1070 1494 1160 1536 οὐδ’
1201 1494 1251 1537 ἂν
1285 1495 1367 1536 ἕλοι
1404 1495 1607 1549 πολέμιος.
1673 1495 1790 1549 μὴῖο

257 1565 451 1605 τοσοῦτον
484 1560 716 1619 κρατήσειεν
749 1561 775 1617 ἡ
811 1560 912 1617 τύχη
944 1567 1017 1617 τῆς
1049 1563 1207 1620 ἀρετῆς.
1277 1561 1541 1620 εὑρεθήσεται
1579 1564 1622 1606 δὲ
1657 1565 1735 1615 ζῶν

259 1631 405 1680 ἐκεῖνος
438 1629 544 1684 ἥπου
580 1633 647 1672 καὶ
671 1631 809 1687 νεκρὸς
833 1632 954 1681 ἀξίως
977 1632 1153 1685 κείμενος
1177 1625 1371 1674 {av-{053²
1445 1630 1736 1687 θαυμάσαςδὲ

259 1696 282 1742 ὅ
312 1697 521 1750 Ἀντώνιος
555 1706 639 1750 τοῖς
676 1700 798 1742 αὐτὸν
835 1698 978 1755 ἄγουσι
1014 1698 1279 1758 στρατιώταις
1314 1700 1392 1757 ἔφη
1418 1698 1657 1756 “χαλεπῶς,
1702 1694 1736 1743 (ἶ

354 1817 378 1852 8
400 1814 553 1861 μάρκων
575 1816 651 1853 ΑΒ.
745 1818 791 1852 14
814 1817 1018 1858 λουκίλλιος
1039 1818 1158 1862 ABG,
1183 1817 1379 1859 Λουκίλιος
1400 1818 1492 1854 PW.
1585 1818 1630 1854 19
1654 1820 1737 1852 zov-
1768 1842 1775 1847 -

356 1864 494 1903 κίλλιος
516 1863 578 1897 ΑΟ
592 1889 601 1905 ,
617 1863 833 1902 ,Λουκίλιος
857 1864 948 1900 PW.
1089 1845 1167 1899 εἷπε
1194 1863 1354 1910 βροῦτον
1376 1865 1419 1900 Α.
1557 1864 1603 1902 22
1626 1859 1739 1906 ἀξίως

356 1909 523 1954 κείμενος
546 1909 605 1943 ΑΒ
629 1909 895 1953 Plutarchus,n
874 1909 1040 1954 κείμενος
1062 1906 1175 1952 ἀξίως
1196 1911 1286 1945 PW.
1355 1910 1413 1947 23
1418 1906 1547 1955 αὓτόν]
1565 1906 1683 1945 αὐτοῦ
1697 1910 1738 1947 Β.

264 2011 379 2046 denuo
406 2010 456 2044 illi
480 2016 703 2055 conspectum
728 2016 803 2052 est,
835 2011 896 2045 sed
926 2012 1012 2046 nihil
1045 2013 1196 2046 locutum
1220 2012 1321 2046 abiit.
1367 2013 1486 2047 ferunt
1519 2012 1623 2047 etiam
1652 2013 1739 2047 duas

266 2056 434 2101 aquilas
424 2068 460 2090 ιιι
485 2068 526 2090 eo
551 2056 678 2101 spatio,
703 2057 794 2101 quod
820 2064 898 2091 erat
921 2058 1014 2092 inter
1039 2064 1218 2104 utramque
1241 2058 1363 2102 aciem,
1387 2058 1482 2092 inter
1497 2070 1536 2093 se
1550 2069 1739 2131 pugnasse,

265 2109 302 2137 et
329 2114 404 2136 eam
429 2113 518 2146 quae
541 2114 665 2136 versus
690 2104 837 2137 Brutum
861 2110 936 2137 erat
959 2105 1108 2138 cessisse
1131 2116 1172 2138 ac
1195 2105 1338 2148 fugisse.

402 2149 490 2182 Cum
515 2148 727 2182 adversariis
752 2161 959 2194 congressus
984 2156 1021 2184 et
1043 2151 1134 2205 ipse
1143 2150 1336 2184 succubuit.
1385 2161 1462 2184 nam
1485 2148 1641 2194 legiones
1664 2160 1739 2183 cum

263 2193 457 2228 diutissime
471 2194 696 2237 restitissent,
719 2202 915 2233 cesserunt·
940 2197 1030 2230 unde
1055 2195 1228 2241 equitatus
1252 2206 1390 2249 quoque
1413 2195 1551 2229 sortiter
1574 2195 1739 2229 dimicans

263 2240 458 2274 inclinavit.
504 2240 555 2274 ibi
587 2245 624 2274 et
658 2241 798 2274 Marcus
836 2242 981 2275 Catonis
1017 2242 1125 2286 filius,
1159 2242 1253 2275 inter
1283 2241 1432 2286 optimos
1462 2246 1499 2275 et
1529 2241 1739 2275 fortissimos

265 2285 508 2320 adolescentes
524 2286 723 2330 collocatus,
748 2298 823 2320 cum
848 2294 1042 2332 urgeretur,
1069 2300 1134 2322 non
1162 2287 1270 2321 cessit
1296 2298 1408 2332 neque
1431 2287 1536 2332 fugit,
1559 2287 1620 2321 sed
1637 2298 1740 2322 manu

264 2343 338 2366 rem
362 2342 507 2376 gerens,
531 2332 645 2376 patrio
669 2343 733 2366 suo
759 2333 895 2366 nomine
920 2334 1026 2376 edito,
1052 2345 1158 2378 super
1182 2339 1303 2377 magno
1327 2333 1477 2367 hostium
1501 2344 1630 2366 acervo
1656 2344 1739 2367 con-

265 2377 366 2412 cidit.
393 2389 437 2412 ex
452 2378 600 2412 caeteris
617 2378 719 2411 etiam
738 2379 855 2423 optimi
881 2380 1009 2425 quique
1035 2381 1175 2413 Brutum
1200 2385 1458 2434 propugnantes
1480 2378 1693 2413 ceciderunt.

405 2423 560 2457 Lucilius
584 2435 670 2457 vero
696 2425 752 2458 vir
776 2425 896 2468 fortis,
921 2426 1116 2470 conspectis
1142 2425 1298 2458 barbaris
1325 2422 1501 2469 equitibus
1526 2425 1587 2468 qui
1611 2425 1742 2470 impetu

266 2469 303 2503 in
331 2470 475 2503 Brutum
496 2470 713 2513 serebantur,
738 2471 888 2524 seipsum
917 2471 1059 2506 Brutum
1083 2481 1160 2504 esse
1183 2470 1285 2514 dixit,
1315 2482 1446 2516 eosque
1471 2471 1611 2515 rogavit
1632 2474 1672 2504 ut
1696 2469 1741 2503 ad

265 2515 453 2549 Antonium
478 2515 683 2558 duceretur,
709 2517 807 2560 quasi
834 2517 1018 2551 Caesarem
1042 2517 1192 2552 timeret.
1242 2517 1303 2560 qui
1329 2528 1403 2550 cum
1428 2516 1630 2561 praemissis
1653 2526 1741 2549 nun-

267 2561 327 2594 tiis
352 2561 396 2594 ab
422 2560 473 2594 eis
498 2561 668 2595 abductus
694 2573 803 2607 prope
827 2569 943 2597 castra
966 2562 1135 2603 venisset,
1159 2562 1330 2596 Antonius
1347 2562 1531 2596 dubitabat
1552 2573 1620 2607 quo
1636 2565 1741 2615 pacto

269 2606 399 2639 Brutus
424 2607 650 2652 excipiendus
675 2613 779 2641 esset.
829 2608 888 2642 ille
912 2619 996 2643 vero
1015 2604 1096 2642 “.M
1125 2587 1299 2641 Brutum’'
1321 2605 1465 2652 inquit‘
1467 2605 1623 2663 Antoni,
1647 2607 1743 2661 cepit
1772 2616 1798 2646 ·,

269 2662 367 2685 nemo
402 2663 516 2696 neque
549 2653 665 2697 capiet
689 2653 776 2687 ullus
803 2653 924 2690 hostis.
975 2653 1066 2688 absit
1090 2653 1178 2687 enim
1203 2659 1244 2687 ut
1265 2658 1409 2687 tantum
1421 2654 1584 2687 fortunae
1607 2653 1644 2687 in
1668 2652 1742 2686 vir-

267 2702 378 2730 tutem
402 2697 518 2735 liceat.
566 2710 691 2733 verum
718 2699 777 2733 ille
808 2704 870 2733 aut
900 2699 1023 2734 vivens
1053 2704 1113 2733 aut
1135 2698 1236 2733 etiam
1260 2707 1413 2733 mortuus
1436 2702 1477 2732 ut
1500 2699 1579 2744 ipso
1600 2699 1742 2744 dignum
1790 2718 1793 2727 ι

270 2748 326 2777 est
346 2742 555 2780 invenietur.
563 2739 586 2754 ’³
632 2745 721 2779 hano
753 2745 944 2780 orationem
980 2745 1120 2780 miratus
1143 2745 1316 2779 Antonius
1346 2744 1549 2780 ductoribus
1573 2744 1664 2779 illius
1691 2745 1743 2780 ait
