1820 3120
283 156 378 203 250
756 157 980 202 IOANNIS
1009 156 1266 203 ZONARAE

282 289 347 321 νος
378 265 585 313 ἐσπείσατό
619 270 682 322 οἳ,
715 272 843 314 καίτοι
875 273 992 329 φίλος
1023 271 1079 314 ὢν
1109 276 1181 315 τοῦ
1207 273 1409 314 Φιλίππου
1439 275 1504 316 καὶ
1527 287 1572 316 το
1587 272 1731 332 ’Άργος
1794 263 1804 282 ⁸

282 338 418 392 λαβὼν
451 337 550 394 παρ’
578 338 715 381 αὐτοῦ.
784 340 992 382 ἀδυνατῶν
1025 340 1103 396 γὰρ
1137 338 1390 383 ὅΜακεδών
1422 341 1552 385 πολλὰ
1585 343 1731 384 διέπειν
1803 330 1808 339 ⁸

276 406 392 461 ὁμοῦ,
427 408 493 448 καὶ
518 407 651 457 δείσας
671 407 727 462 μὴ
752 414 835 458 τοῖς
849 406 1069 462 “Ρωμαίοις
1098 406 1124 462 ἦ
1156 405 1269 459 πόλις
1292 411 1460 466 ληφθῇ,
1494 413 1551 467 τῷ
1572 407 1731 464 Νάβιδι

279 473 416 530 αὐτήν,
446 473 504 516 ‘lv'
530 469 652 525 αὖθις
675 475 857 531 ἀποδοίη,
893 476 1210 533 παρακατέθετο.

1800 379 1811 415 *s

411 543 557 585 Αἰλίου
593 544 636 585 δὲ
657 544 794 585 Πέτου
826 548 896 586 τοῦ
917 542 1072 586 ὑπάτου
1102 541 1420 600 στρατεύσαντος
1442 544 1504 586 ἐπὶ
1527 543 1621 594 τοὺς
1636 545 1763 590 -Γα-5

279 608 404 660 &drag
411 612 598 662 ,πολλοὶ
630 610 703 652 ἀπ’
731 611 969 668 ἀμφοτέρων
1000 609 1232 654 ἀπώλλυντο
1265 610 1577 668 προσμιγνύντες
1607 611 1733 667 ἀλλή-

279 681 385 729 λοις,
431 680 585 735 καίριον
616 679 662 720 δέ
690 696 727 721 τι
751 677 936 736 ἐπράχθη
962 680 1089 722 οὐδέν.
1159 680 1196 722 οἳ
1219 679 1262 722 δ’
1291 678 1439 737 ὅμηροι
1461 684 1542 723 τῶν
1565 681 1734 736 Καρχη-

278 747 418 789 δονίων
450 748 489 789 οῗ
509 764 550 789 τε
576 748 711 789 δοῦλοι
735 747 773 790 οἳ
793 748 884 801 μετ’
912 747 1043 790 αὐτῶν
1065 749 1131 790 καὶ
1155 749 1196 790 οἵ
1216 764 1294 790 τισι
1318 749 1562 804 πεπραμένοι
1585 745 1736 802 αἰχμά-

279 817 397 856 λωτοι
410 846 423 865 ,
469 821 678 870 κατασχεῖν
710 816 782 866 τὰς
806 814 939 866 πόλεις
963 818 1003 858 ἐν
1026 814 1091 866 αἶς
1115 817 1272 859 ἕκαστοι
1294 817 1369 866 τὰς
1394 816 1610 873 (διατριβὰς,
1627 817 1737 858 ἐποι-

226 894 256 928 Β
283 885 397 924 οὗντο
421 881 703 938 τολμήσαντες,
727 885 792 926 καὶ
821 883 993 934 πολλοὺς
1014 888 1093 926 τῶν
1116 885 1336 940 ἐπιχωρίων
1360 883 1637 942 φονεύσαντες,
1660 901 1734 926 κα·
1747 894 1792 930 lo

277 952 518 1008 θῃρέθησαν
551 949 628 994 ὑπὸ
665 953 891 1009 Κορνηλίου
915 952 1151 995 Λεντούλου
1176 957 1406 1007 στρατηγοῦ
1428 954 1520 1008 πρὶν
1541 950 1676 1005 μεῖζόν
1698 969 1736 994 τι

276 1019 583 1076 ἐξεργάσασθαι.
653 1021 691 1062 οἷ
720 1021 856 1074 μέντοι
880 1017 1064 1060 Γαλάται
1098 1018 1296 1073 εὐτυχίαις
1327 1037 1373 1063 τε
1395 1018 1648 1076 ἐπαιρόμενοι
1669 1021 1738 1062 καὶ

275 1088 369 1137 τοὺς
385 1086 614 1141 ῗΡωμαίους
636 1088 675 1129 ἐν
698 1088 882 1145 παρέργῳ
905 1088 1020 1144 σφίσι
1043 1090 1317 1140 πολεμοῦντας
1343 1086 1580 1142 αἰσθόμενοι
1611 1104 1738 1144 παρε-

274 1154 520 1199 σκευάσαντο
554 1154 607 1206 ὡς
637 1157 703 1198 καὶ
727 1157 788 1198 ἐπὶ
813 1156 884 1210 τὴν
901 1153 1067 1209 (Ρώμην
1090 1153 1316 1205 ἐλάσοντες.
1385 1156 1584 1206 δείσαντες
1605 1149 1676 1198 οὖν
1699 1155 1737 1197 οἱ

268 1222 467 1277 τΡωμαῖοι
490 1223 614 1280 ἄμφω
638 1224 731 1274 τοὺς
752 1222 928 1274 ὑπάτους
952 1221 1176 1280 Κορνήλιον
1203 1224 1396 1279 Κέθηγον
1421 1226 1488 1266 καὶ
1514 1222 1734 1266 Μινούκιον
1747 1235 1792 1272 15

269 1290 450 1349 ςΡοῦφον
474 1293 534 1333 ἐπὶ
559 1291 651 1341 τοὺς
676 1291 862 1342 Γαλάτας
885 1291 1069 1346 ἔπεμψαν
1082 1305 1092 1315 ·
1117 1290 1162 1332 οἳ
1181 1292 1454 1348 διαιρεθέντες
1472 1290 1593 1342 ἄλλος
1613 1290 1738 1346 ἄλλην

276 1358 480 1417 ἐπόρθουν
506 1359 659 1417 χώραν.
727 1361 828 1415 πρὸς
862 1355 932 1401 οὖν
963 1359 1057 1409 τοὺς
1086 1356 1270 1410 ὓποίτους
1293 1362 1358 1402 καὶ
1380 1360 1421 1402 ὀἶ
1443 1360 1623 1414 πολέμιοι
1648 1362 1738 1416 διῃ-

258 1467 259 1470 ,
279 1429 470 1485 ρέθησαν,
506 1431 571 1470 καὶ
596 1429 633 1470 οἳ
653 1428 726 1482 μὲν
749 1433 806 1486 τῷ
831 1425 1005 1484 Κεθήγῳ
1028 1427 1129 1480 μετὰ
1153 1432 1227 1471 τοῦ
1245 1429 1432 1481 Ἀμίλκου
1464 1426 1738 1482 συμβαλόντες

273 1495 534 1551 ἡττήθησαν,
582 1497 619 1538 οἳ
642 1498 770 1538 λοιποὶ
804 1497 847 1538 δὲ
870 1501 987 1538 τοῦτο
1011 1493 1168 1550 γνόντες
1205 1497 1483 1538 ἀπεδειλίασαν
1513 1497 1578 1538 καὶ
1606 1496 1738 1538 οὐκέτι

225 1580 255 1613 c
280 1569 337 1622 τῷ
354 1563 520 1621 ζΡούςοῳ
544 1565 783 1618 συνέβαλον,
819 1564 914 1606 ἀλλ’
942 1563 1071 1614 ἀδεῶς
1095 1566 1240 1614 ἐκεῖνος
1261 1564 1334 1617 τὴν
1350 1563 1492 1620 χώραν
1513 1564 1735 1619 κατέτρεχε.
1746 1577 1792 1612 20

84 1648 130 1683 w
143 1646 180 1682 11
195 1647 264 1683 100
278 1635 344 1674 καὶ
377 1634 415 1674 οἳ
446 1634 519 1687 μὲν
542 1637 601 1690 τῷ
625 1631 799 1690 Κεθήγῳ
822 1630 1119 1686 πολεμήσαντες
1142 1632 1318 1683 σπονδὰς
1340 1630 1596 1686 ἐποιήσαντο,
1628 1632 1665 1673 οἱ
1689 1632 1733 1674 δ’

276 1700 393 1743 ἄλλοι
416 1703 457 1743 ἐν
480 1709 562 1751 τοῖς
585 1699 723 1750 ὅπλοις
746 1701 802 1743 ἔτι
825 1698 1054 1756 ἐτύγχανον.

415 1767 517 1811 Τότε
553 1769 596 1811 δὲ
620 1771 685 1811 καὶ
708 1767 729 1810 ὃ
761 1770 983 1823 Φλαμίνιος
1015 1767 1117 1823 μετὰ
1139 1773 1210 1811 τοῦ
1230 1766 1420 1811 Ἀττάλου
1444 1767 1516 1822 τὴν
1538 1770 1737 1810 Βοιωτίαν

369 1910 392 1944 4
415 1907 470 1944 ἵν’
496 1921 548 1944 om
572 1908 612 1946 A.
751 1909 774 1945 6
797 1904 992 1943 ἀπώλοντο
1016 1908 1059 1952 Α,
1080 1904 1287 1944 ἀπόλλυντο
1312 1908 1402 1943 PW.
1549 1907 1572 1943 8
1595 1918 1738 1951 πεπρω-
1777 1927 1780 1931 ›

371 1952 474 1999 μένοι
496 1955 540 1991 Α.
679 1954 721 1989 13
744 1955 987 1999 πολεμοῦντες
1001 1953 1050 1989 Ἀ.
1190 1952 1231 1989 17
1257 1945 1324 1988 οὖν
1345 1964 1398 1987 om
1422 1953 1466 1988 A.

280 2089 474 2123 quanquam
501 2077 654 2122 Philippi
688 2077 731 2111 ob
755 2077 870 2122 Argos
895 2078 939 2112 ab
964 2089 1006 2112 eo
1030 2079 1209 2122 acceptum
1233 2076 1384 2120 amicus,
1418 2086 1538 2120 pacem
1561 2086 1635 2110 cum
1658 2076 1738 2120 ipso

280 2126 423 2157 fecerat.
471 2134 547 2157 nam
571 2125 652 2167 quia
676 2123 822 2156 Macedo
847 2123 953 2157 multa
977 2124 1076 2157 simul
1102 2134 1223 2157 curare
1246 2133 1312 2156 non
1339 2125 1492 2166 poterat,
1516 2132 1591 2155 eam
1606 2122 1737 2165 urbem,

283 2169 413 2203 veritus
437 2180 481 2202 ue
505 2180 526 2202 a
550 2168 713 2202 Romanis
740 2172 944 2214 caperetur,
976 2169 1125 2203 Nabidis
1149 2168 1230 2202 fidei
1253 2167 1401 2212 depositi
1425 2167 1534 2200 instar
1557 2167 1738 2202 commisit.

415 2214 514 2248 Aelio
540 2215 646 2248 Paeto
670 2215 810 2248 consule
829 2215 958 2251 ⁴bellum
982 2226 1056 2249 cum
1075 2213 1184 2247 Gallis
1208 2218 1361 2257 gerente,
1385 2212 1451 2246 etsi
1466 2212 1562 2246 multi
1578 2212 1739 2257 utrinque

280 2260 316 2292 in
348 2260 564 2294 conflictibus
596 2261 814 2303 ceciderunt,
848 2260 934 2294 nihil
957 2264 1068 2294 tamen
1093 2258 1307 2294 memorabile
1331 2263 1463 2302 gestum
1488 2262 1552 2292 est.
1600 2258 1740 2292 obsides

281 2305 618 2349 Carthaginiensium
649 2317 833 2350 eorumque
865 2306 959 2340 servi
991 2310 1027 2340 et
1050 2305 1178 2350 captivi
1203 2304 1400 2338 venumdati
1426 2304 1529 2337 urbes
1551 2302 1590 2336 in
1613 2303 1738 2348 quibus

279 2351 409 2395 quique
443 2351 617 2395 degebant
649 2363 817 2396 occupare
853 2352 947 2395 ausi,
985 2351 1098 2386 multis
1130 2351 1265 2384 civibus
1289 2348 1508 2391 interfectis,
1533 2359 1553 2382 a
1577 2348 1737 2382 Cornelio

278 2396 429 2430 Lentulo
454 2401 614 2442 praetore
638 2402 719 2431 sunt
741 2398 908 2443 oppressi·
925 2397 1120 2442 priusquam
1145 2395 1287 2440 gravius
1311 2395 1438 2439 aliquid
1456 2394 1738 2428 committeretur.

280 2447 318 2476 at
343 2442 433 2476 Galli
458 2443 675 2477 successibus
705 2443 788 2477 elati
821 2454 896 2477 cum
932 2443 1101 2477 Romanos
1137 2441 1250 2475 obiter
1281 2452 1396 2475 secum
1427 2439 1558 2474 bellare
1587 2439 1740 2474 animad-

282 2493 472 2528 verterent,
495 2489 546 2522 ita
569 2501 607 2523 se
631 2489 801 2534 parabant
825 2489 925 2533 quasi
944 2488 1054 2533 ipsam
1077 2488 1194 2521 urbem
1219 2486 1464 2532 oppugnaturi.
1512 2497 1580 2529 quo
1611 2489 1739 2518 conatu

280 2533 427 2567 Romani
458 2534 572 2568 territi
608 2540 788 2579 utrumque
822 2534 1015 2577 consulem,
1053 2533 1248 2567 Cornelium
1274 2533 1467 2576 Cethegum
1496 2536 1532 2565 et
1555 2530 1740 2564 Minucium

280 2580 420 2621 Rufum,
445 2586 566 2614 contra
591 2581 712 2615 Gallos
739 2580 924 2614 miserunt:
950 2579 1010 2625 qui
1032 2579 1126 2612 inter
1146 2590 1185 2612 se
1210 2578 1314 2612 divisi
1336 2578 1424 2612 alius
1446 2576 1544 2610 aliam
1565 2576 1740 2620 regionem

281 2625 448 2659 vastavit.
498 2630 536 2659 ut
552 2626 721 2668 consules,
743 2627 794 2660 ita
811 2626 915 2661 etiam
930 2626 1046 2659 hostes
1063 2624 1179 2668 divisi,
1204 2625 1264 2668 qui
1281 2635 1356 2658 cum
1370 2622 1567 2657 Hamilcare
1582 2622 1738 2662 fuerunt,

280 2670 362 2704 victi
387 2682 407 2704 a
432 2671 588 2716 Cethego
615 2684 734 2717 pacem
757 2671 1003 2717 impetrarunt:
1037 2670 1163 2715 reliqui
1194 2682 1236 2703 ea
1270 2669 1367 2703 clade
1398 2667 1515 2702 territi
1547 2678 1622 2701 cum
1647 2667 1740 2700 Rufo

279 2727 384 2760 agros
418 2716 555 2761 impune
588 2723 749 2752 vastante
783 2729 852 2751 non
886 2722 967 2752 sunt
1001 2716 1199 2760 congressi,
1231 2727 1295 2749 nec
1329 2719 1441 2749 tamen
1474 2714 1518 2749 ab
1551 2713 1654 2747 armis
1685 2723 1742 2746 re—

280 2768 471 2795 cesserunt.
979 2786 981 2789 .

416 2807 516 2841 Tunc
552 2809 652 2842 etiam
684 2807 873 2844 Flaminius
906 2818 981 2841 cum
1010 2805 1126 2840 Attalo
1161 2810 1265 2840 totam
1298 2803 1475 2840 Boeotiam
1504 2802 1659 2848 subegit.
1707 2805 1743 2835 et
