1794 3120
258 113 324 158 36
730 111 954 156 IOANNIS
978 110 1233 156 ZONARAE

260 224 429 267 ὗπέθετο
462 227 518 282 τῷ
539 224 632 283 υἱῷ·
664 224 734 267 ’ἶνα
762 224 806 267 δ’
835 223 1089 282 εὐπρόσωπος
1114 225 1223 282 αὐτῷ
1250 226 1322 277 τῆς
1342 221 1581 278 αὐτομολίας
1599 221 1703 280 πρό-

263 309 385 348 φασις
408 292 585 348 γένηται,
619 292 763 342 ἐκεῖνος
784 293 855 347 μὲν
878 298 1059 350 φανερῶς
1081 292 1150 334 τὸν
1171 291 1324 348 πατέρα
1347 288 1402 341 ὥς
1422 288 1614 348 τύραννον
1637 292 1704 339 καὶ

214 365 242 399 Β
265 359 545 416 παράσπονδον
568 359 829 417 ἐλοιδόρησεν,
864 359 885 403 ὅ
910 362 953 403 δὲ
974 361 1043 403 τὸν
1063 359 1150 402 υἱὸν
1173 359 1418 414 ἐμαστίγωσέ
1432 375 1473 402 τε
1493 359 1561 400 καὶ
1583 358 1704 413 ἀντη-

260 427 429 481 μύνατο.
495 425 578 470 εἶτα
600 429 702 470 κατὰ
725 426 932 483 συνθήκας
954 428 1054 485 πρὸς
1072 429 1112 468 Γ
1109 430 1292 476 ασυΐνους
1313 423 1704 481 ἐψευδαυτομόλησε,

256 492 449 552 ,χρήματά
480 512 521 538 τε
554 497 619 537 καὶ
653 494 832 552 ἑταίρους
862 494 1128 552 παρειληφώς.
1196 495 1234 536 οἱ
1260 494 1325 544 δέ,
1359 491 1632 544 πιστεύσαντες
1655 497 1737 549 τῇῠ

264 566 391 620 σκηνῇ
412 560 481 604 διά
503 579 545 605 τε
568 563 640 617 τὴν
662 569 732 605 τοῦ
753 565 976 620 Ταρκυνίου
1001 563 1187 617 ὠμότητα
1210 564 1275 604 καὶ
1300 561 1359 604 ὅτι
1382 562 1449 603 καὶ
1470 559 1558 604 τότε
1578 560 1707 603 πολλὰ

264 633 330 673 καὶ
376 630 513 684 ἀληθῆ
546 630 615 672 τὸν
645 632 797 687 πατέρα
838 630 1068 686 ἐκακηγόρει
1100 631 1317 672 κάντεῦθεν
1352 630 1707 682 ἐκπεπολεμῶσθαι

265 698 375 755 αὐτῷ
397 696 534 748 ἐδόκει,
569 696 750 748 ἐδέξαντό
773 715 813 741 τε
837 698 958 740 αὐτὸν
982 698 1252 752 ἀσμενέστατα
1274 698 1345 739 καί
1362 713 1471 746 τινας
1493 694 1710 745 ἐπελεύσεις

265 765 368 808 κατὰ
393 770 465 819 τῆς
481 763 711 820 ςΡωμαϊκῆς
730 765 867 822 χώρας
893 766 965 808 σὺν
989 767 1098 822 αὐτῷ
1121 763 1355 819 ἐποιήσαντο
1381 765 1448 806 καὶ
1471 763 1518 806 οὗ
1540 764 1709 820 μετρίως

265 833 369 888 αὐτῇ
400 830 654 886 ἐλυμήναντο.
723 834 790 875 διὰ
814 838 940 875 ταῦτα
962 837 1080 888 γοῦν,
1121 834 1187 875 καὶ
1224 830 1284 874 ὅτι
1317 834 1383 874 καὶ
1410 828 1602 888 χρήματα
1624 831 1706 889 ῗδίᾳ
1718 840 1763 875 10

265 900 310 941 τέ
339 916 419 941 τισι
442 906 602 954 παρεῖχε
628 901 694 941 καὶ
725 901 766 949 ἐς
787 900 832 942 τὸ
855 900 986 942 κοινὸν
1008 898 1192 954 ἀνήλισκε
1216 902 1420 953 δαψιλῶς,
1450 897 1580 955 ᾑρέθη
1603 897 1706 955 παρ’

217 972 247 1005 C
269 966 401 1008 αὐτῶν
434 966 654 1022 στρατηγὸς
685 968 751 1008 καὶ
787 967 859 1020 τὴν
894 971 973 1008 τῶν
1007 970 1218 1008 πολιτικῶν
1247 968 1288 1007 ἐν
1312 968 1446 1016 αὐτοῖς
1467 964 1710 1023 πραγμάτων

266 1032 464 1090 ἐπετράπη
500 1035 703 1088 διοίκησιν.
771 1034 832 1075 ἐπὶ
866 1032 1022 1083 τούτοις
1053 1032 1192 1090 λάθρα
1223 1033 1387 1087 πέμψας
1414 1033 1502 1076 τινὰ
1532 1035 1585 1077 τὰ
1606 1050 1711 1087 συμ-

265 1100 395 1154 βάντα
425 1117 466 1142 τε
498 1100 681 1157 ἐγνώρισε
712 1105 770 1159 τῷ
794 1103 915 1158 πατρὶ
939 1103 1005 1143 καὶ
1029 1101 1128 1158 πρὸς
1150 1101 1195 1143 τὸ
1218 1102 1363 1155 μέλλον
1385 1099 1545 1156 γνώμην
1566 1100 1711 1158 ᾔτησεν

266 1170 309 1218 ἐξ
343 1168 478 1211 αὐτοῦ.
549 1167 569 1210 ὃ
603 1169 646 1210 δὲ
681 1167 761 1211 εἶπε
794 1170 867 1223 μὲν
899 1173 955 1226 τῷ
991 1169 1213 1225 πεμφθέντι
1251 1169 1386 1219 οὐδέν,
1425 1170 1494 1210 ἵνα
1524 1167 1584 1224 μὴ
1614 1168 1784 1219 ἴσωςιᾱ

266 1238 460 1292 γνωσθεὶς
484 1234 583 1278 ἑκών
606 1254 644 1278 τι
666 1235 691 1290 ἢ
716 1235 823 1279 ἄκων
845 1238 1012 1286 ἐξείποι,
1048 1239 1102 1286 εἷς
1130 1237 1174 1278 δὲ
1196 1239 1321 1289 κῆπον
1337 1235 1558 1291 εἷσαγαγὼν
1575 1235 1711 1287 αῧτόν,

75 1312 123 1346 W
147 1311 182 1345 11
205 1311 248 1348 16
270 1305 311 1346 ἐν
336 1298 369 1361 ᾧ
391 1303 570 1357 μήκωνες
592 1299 694 1358 ἦσαν
706 1335 719 1355 ,
763 1304 836 1354 τὰς
858 1303 1016 1353 κωδύας
1039 1304 1170 1346 αὐτῶν
1191 1304 1264 1353 τὰς
1282 1301 1551 1360 ὑπερεχούσας
1572 1302 1713 1362 ῥάβδῳ

267 1372 483 1414 κατέκλασε
513 1373 579 1414 καὶ
613 1374 666 1422 εἷς
698 1376 772 1427 γῆν
794 1370 1072 1428 κατεστόρεσε,
1107 1374 1173 1413 καὶ
1198 1370 1301 1414 οὕτω
1323 1371 1392 1413 τὸν
1423 1370 1712 1428 ἆγγελιαφόρον

266 1439 489 1494 ἀπέπεμψε.
548 1441 614 1481 καὶ
637 1437 657 1481 ὃ
679 1441 752 1494 μέν
773 1439 818 1482 τὸ
842 1441 1023 1496 πραχθὲν
1044 1443 1102 1497 τῷ
1124 1439 1256 1497 Σέξτῳ
1281 1437 1511 1494 ἀπήγγειλεν
1518 1470 1533 1491 ,
1571 1439 1710 1482 ἀσυνέ-

268 1523 347 1557 τως
377 1507 476 1561 ἴχων
506 1511 578 1562 τῆς
611 1506 815 1564 πράξεως,
859 1506 880 1549 ὃ
916 1508 960 1548 δὲ
982 1504 1062 1548 ’τὸν
1093 1511 1187 1548 νοῦν
1209 1511 1353 1561 συνῆκε
1374 1511 1446 1560 τῆς
1467 1505 1766 1558 ὖποθέσεως,20

269 1577 335 1616 καὶ
368 1574 461 1625 τοὺς
483 1575 815 1632 ἀξιολογωτέρους
844 1579 922 1617 τῶν
946 1576 986 1615 Γ
983 1578 1151 1617 αου·ι’·νων
1173 1574 1266 1624 τοὺς
1287 1575 1358 1628 μὲν
1381 1574 1521 1631 λάθρα
1546 1573 1714 1632 φαρμά-

218 1651 249 1686 Ι)
273 1658 357 1692 κοις
379 1643 605 1700 διέφθειρε,
639 1643 733 1693 τοὺς
755 1644 799 1685 δὲ
822 1641 889 1684 διά
912 1658 1028 1685 τινων
1051 1644 1177 1698 δῆθεν
1199 1646 1377 1699 λῃστῶν,
1412 1641 1557 1693 ἄλλους
1579 1643 1623 1685 δὲ
1646 1644 1714 1684 καὶ

359 1794 382 1828 2
406 1794 570 1838 φανερῶς
591 1814 634 1820 -
658 1788 888 1838 ἐλοιδόρησεν
910 1806 929 1829 e
951 1778 1072 1829 Dionis
1095 1794 1184 1829 libro
1207 1794 1378 1837 secundo,
1410 1793 1562 1829 Bekkeri
1582 1794 1711 1830 Aneed.

359 1850 393 1884 p.
420 1840 486 1874 155
510 1851 546 1876 v.
572 1842 605 1876 1.
763 1836 829 1873 τὸν
851 1838 993 1882 πατέρα
1017 1840 1183 1884 φανερῶς
1201 1839 1276 1878 ΑΒ.
1425 1841 1446 1875 5
1471 1836 1617 1886 ἐτέρους
1637 1839 1713 1874 Ac.

359 1885 382 1919 6
403 1882 467 1918 καὶ
487 1889 570 1929 post
592 1881 649 1919 ὅτι
672 1885 738 1919 add
763 1885 806 1921 A.
953 1886 998 1919 10
1019 1883 1081 1919 καὶ
1104 1891 1185 1932 post
1206 1882 1264 1921 ὅτι
1287 1897 1341 1920 om
1363 1885 1438 1921 AB.
1580 1886 1624 1921 12
1647 1882 1716 1929 τὴν

361 1929 434 1963 τῶν
454 1930 676 1974 πολιτικῶν]
699 1926 746 1964 τοὶ
768 1930 841 1964 τῶν
863 1930 1021 1964 πολιτῶν
1044 1931 1086 1968 Ο.
1211 1931 1255 1967 16
1278 1927 1379 1978 αὐτῷ
1401 1931 1443 1966 A.
1555 1930 1602 1966 20
1622 1927 1715 1964 ὖπο-

360 1971 483 2018 θήκης
504 1974 546 2010 Α.
683 1976 724 2009 21
748 1975 930 2020 γαουνίων
953 1977 997 2011 C.
1611 1998 1616 2003 »

272 2108 469 2153 videretur,
494 2113 626 2156 patrem
648 2115 768 2156 aperte
789 2116 829 2146 ut
846 2115 1027 2156 tyrannum
1052 2115 1087 2145 et
1107 2112 1336 2157 foedifragum
1360 2116 1414 2146 est
1433 2112 1637 2153 insectatus,
1661 2115 1716 2146 at—

272 2164 340 2198 que
364 2165 385 2187 a
406 2159 508 2199 patre
530 2156 683 2191 vicissim
705 2158 826 2202 flagris
848 2169 980 2192 caesus.
1026 2157 1149 2191 deinde
1170 2170 1245 2192 cum
1272 2169 1315 2192 ex
1338 2158 1525 2203 composito
1544 2158 1588 2191 ad
1605 2157 1718 2202 Gabi-

272 2210 334 2232 nos
369 2211 442 2233 cum
465 2202 620 2245 pecuniis
645 2208 680 2235 et
705 2204 807 2236 sociis
830 2202 1089 2247 transfugisset,
1125 2203 1176 2236 illi
1209 2208 1249 2237 ut
1271 2204 1304 2236 ei
1326 2207 1513 2237 commento
1536 2202 1718 2237 crederent

272 2247 311 2277 et
332 2244 517 2290 Tarquinii
539 2247 739 2282 crudelitate
763 2254 799 2282 et
822 2248 936 2283 multis
957 2248 1056 2282 Sexti
1079 2249 1171 2282 veris
1194 2249 1229 2282 in
1247 2253 1378 2293 patrem
1401 2247 1585 2283 maledictis
1609 2247 1719 2282 addu-

271 2289 455 2324 cebantur:
499 2303 519 2326 a
550 2303 617 2336 quo
649 2304 723 2327 cum
757 2305 832 2328 eum
862 2292 978 2328 hostili
1011 2293 1090 2327 odio
1119 2293 1286 2328 dissidere
1320 2294 1515 2338 crederent,
1550 2293 1718 2328 hominem

269 2333 516 2379 benignissime
538 2342 774 2383 susceperunt,
798 2343 835 2372 et
857 2339 989 2385 aliquot
1009 2350 1084 2372 cum
1107 2350 1148 2372 eo
1171 2339 1206 2373 in
1221 2340 1410 2374 Romanum
1432 2350 1550 2385 agrum
1571 2339 1718 2384 impres-

269 2379 387 2414 siones
415 2393 538 2426 magna
568 2383 663 2417 clade
683 2384 781 2418 illata
803 2385 972 2419 fecerunt.
1017 2384 1070 2418 his
1092 2383 1203 2429 igitur
1226 2385 1269 2418 de
1298 2385 1430 2427 causis,
1461 2390 1500 2419 et
1529 2384 1621 2430 quod
1675 2396 1716 2417 e—

270 2425 404 2460 cuniam
434 2427 604 2473 aliquibus
631 2429 790 2474 privatim
822 2430 929 2464 dabat
965 2432 1001 2463 et
1028 2429 1064 2463 in
1095 2430 1265 2475 publicum
1290 2430 1480 2464 liberaliter
1500 2395 1717 2472 confereii'an

269 2469 339 2504 dux
362 2471 406 2505 ab
429 2472 480 2507 eis
505 2478 640 2507 creatus
663 2481 727 2517 est,
752 2475 958 2510 urbanarum
974 2474 1076 2509 etiam
1088 2486 1200 2509 rerum
1217 2475 1510 2511 administratione
1524 2474 1716 2512 commissa.

267 2520 350 2558 post
372 2516 458 2551 haec
479 2530 542 2563 per
564 2520 731 2563 quendam
753 2521 846 2565 patri
870 2526 993 2555 statum
1015 2531 1128 2554 rerum
1149 2531 1286 2555 auarum
1313 2521 1470 2567 nuntiat,
1501 2519 1585 2566 quid
1603 2530 1642 2554 se
1662 2519 1719 2553 fa-

263 2571 343 2594 cere
367 2562 456 2596 velit
478 2564 688 2599 sciscitatur.
732 2565 792 2600 ille
814 2577 897 2600 vero
921 2565 1004 2600 nihil
1024 2565 1212 2619 respondet
1230 2567 1373 2612 nuntio,
1404 2578 1448 2601 ne
1471 2565 1630 2612 cognitus
1657 2565 1716 2598 vel

266 2606 386 2640 volens
410 2608 467 2642 vel
487 2609 619 2644 invitus
642 2621 802 2645 arcanum
823 2611 970 2656 prodat,
999 2610 1059 2644 sed
1081 2611 1136 2644 1110
1159 2611 1195 2645 in
1219 2611 1352 2646 hortum
1376 2612 1478 2646 ducto
1501 2621 1628 2646 summa
1648 2621 1713 2654 pa·-

264 2660 429 2694 paverum
453 2655 568 2699 capita
590 2655 711 2689 baculo
734 2658 886 2697 decutit;
908 2658 1027 2702 itaque
1048 2656 1201 2691 nuntium
1224 2657 1379 2692 dimittit.
1426 2657 1484 2702 qui
1505 2669 1544 2690 re
1568 2666 1636 2689 non
1656 2655 1714 2688 in-

262 2695 405 2750 telleota
437 2699 520 2742 quid
550 2705 663 2735 actum
696 2707 790 2735 esset
813 2703 923 2737 Sexto
945 2702 1134 2737 renuntiat.
1178 2702 1211 2737 in
1234 2714 1317 2737 vero
1342 2702 1577 2737 animadverso
1598 2700 1712 2745 patris

261 2742 403 2776 consilio
435 2744 647 2781 Gabinorum
678 2747 844 2792 primores
873 2748 997 2793 partim
1033 2747 1117 2782 olam
1151 2759 1285 2783 veneno
1315 2747 1455 2783 sustulit
1489 2746 1614 2793 partim
1646 2755 1716 2791 per*
