1820 3120
300 93 399 139 316
740 99 751 118 ·-
796 80 1040 135 IOANNIS
1048 88 1322 136 sZONARAE

297 209 378 248 τῶν
400 204 607 259 ἐπιφανῶν
629 196 734 257 ἦσαν
757 203 823 246 καὶ
846 204 958 256 νὲων,
982 205 1183 248 ἐκέλευσεν
1200 205 1358 248 ἀπιέναι
1374 206 1440 249 καὶ
1457 205 1516 270 μὴ
1535 203 1774 254 κινδυνεύειν

297 271 412 329 παρὰ
443 269 606 355 γνώμην
638 270 765 322 ου’τως
797 272 1008 330 ἀνάνδρως
1039 276 1106 315 καὶ
1139 277 1334 327 μαλακας
1363 273 1549 342 ἴχονταςρ
1584 276 1707 334 αὐτὸς
1730 276 1774 318 δὲ

246 349 277 384 C
301 340 379 397 ἔφη
412 339 458 382 τὸ
491 339 658 382 δέκατον
690 339 825 396 τάγμα
854 342 1105 399 παραλαβών
1138 342 1201 383 ἐπὶ
1230 342 1325 392 τοὺς
1344 331 1584 400 βαρβάρους
1603 341 1771 400 πορεύε-

296 412 423 459 σθαι,
445 405 547 462 μήτε
571 409 767 465 κρείττοσι
789 409 948 463 μέλλων
971 411 1172 466 Κίμβρων
1192 409 1403 465 μάχεσθαι
1426 412 1647 465 πολεμίαις,
1668 408 1773 467 μήτε
1801 443 1803 445 -

297 476 422 526 αὐτὸς
443 478 615 534 Μαρίου
633 478 781 532 χείρων
805 476 861 520 ὢν
886 477 1126 534 στρατηγός.
1191 479 1234 521 ἐκ
1258 477 1403 529 τούτου
1426 477 1557 536 ὁρμῆς
1578 480 1645 523 καὶ
1667 490 1806 538 προ-..6

296 546 455 600 θυμίας
477 543 680 600 γενόμενοι
704 544 868 602 πλήρεις
892 544 1066 597 ἅπαντες
1097 539 1368 600 ἠκολούθουν,
1402 549 1479 596 καὶ
1499 545 1772 611 μαχεσάμενοι

296 617 495 670 λαμπρῶς
516 613 612 663 τοὺς
635 615 838 664 ἐναντίους
859 615 1106 671 ἐτρέψαντο,
1141 614 1243 658 ὥστε
1266 620 1418 673 νεκρῶν
1437 608 1685 673 μυριάδας’
1661 616 1771 659 οκτὼ

295 682 498 737 γενέσθαι.
566 680 587 723 ὃ
615 683 659 723 δὲ
682 680 835 724 τούτων
856 683 1050 736 βασιλεὺς
1064 681 1297 741 Ἀριόϋστος
1320 683 1492 749 φθάσας
1511 684 1611 738 uev’r
1629 683 1773 741 ὀλίγων

296 750 507 806 διεπέρασε
529 749 599 791 τὸν
616 748 769 804 Ῥῆνον.
1595 782 1599 789 ,

434 821 579 860 Ταῦτα
603 815 928 874 διαπραξάμενος
945 821 1000 868 εἷς
1018 819 1092 873 τὴν
1109 821 1198 876 περὶ
1217 817 1364 862 Πάδον
1384 818 1590 864 Γαλατίαν
1605 812 1770 875 κατέβη)
1782 826 1807 866 1’

294 883 397 929 ἔνθα
434 887 653 941 διατρίβων
689 884 937 942 ἐδημαγώγει
982 891 1142 929 πολλων
1186 887 1265 930 ἀπὸ
1306 885 1465 943 Ῥώμης
1502 887 1622 946 πρὸς
1649 888 1772 931 αὐτὸν

293 954 624 1011 ἀφικνουμενων,
673 960 756 1005 τοῖς
792 955 870 997 ἀπὸ
907 959 988 998 τῶν
1026 956 1226 1009 πολεμίων
1257 953 1443 1012 χρήμασι
1478 957 1573 1008 τοὺς
1595 958 1773 1007 ι’πολιτας
1807 1000 1809 1002 .

242 1027 275 1061 D
296 1020 570 1079 χειρούμενος.
639 1024 793 1066 ἐκεῖθεν
834 1024 878 1065 δὲ
920 1023 1058 1073 ἄλλοις
1091 1023 1228 1066 ἔθνεσι
1262 1022 1460 1077 ἐπελθών,
1503 1026 1571 1074 καὶ
1605 1022 1773 1078 νικήσας

293 1095 550 1148 περιφανῶς,
606 1086 730 1142 αὖθις
770 1093 810 1134 ἓν
849 1098 933 1142 τοῖς
972 1094 1061 1147 περὶ
1106 1090 1255 1135 Πάδον
1291 1095 1458 1150 χωρίοις
1497 1082 1775 1148 διαχειμάσων

292 1157 519 1216 ὑπέστρεψε
535 1192 547 1211 ,
582 1160 676 1210 τοὺς
710 1162 799 1216 περὶ
832 1159 904 1214 τὴν
928 1158 1088 1215 Ῥώμην
1110 1160 1259 1211 ἐὔνους
1281 1160 1645 1220 ἕαυτῷτιθέμενος
1664 1160 1803 1218 χρή-ᾸῘ

294 1245 432 1281 μασιν,
467 1228 495 1271 ἃ
528 1235 612 1282 τοῖς
644 1229 717 1278 τὰς
749 1229 879 1285 ἀρχὰς
902 1226 1061 1279 ἑαυτοῖς
1082 1231 1306 1283 μνωμένοις
1323 1229 1512 1289 χορηγῶν
1533 1228 1681 1280 ἐκεῖνος
1703 1230 1773 1272 τὸν

90 1301 276 1339 WI1126
299 1298 429 1350 δῆμον
460 1295 618 1346 τούτοις
652 1298 906 1354 διαφθείρειν
936 1299 1057 1339 ε’ποίει
1090 1299 1157 1339 καὶ
1190 1304 1274 1348 τοῖς
1300 1298 1357 1340 τὰ
1385 1297 1582 1355 χρήματα
1613 1301 1772 1341 διδοῦσι

294 1366 553 1421 ψηφίζεσθαι
586 1365 660 1415 τὰς
685 1363 827 1421 ἀρχάς.
897 1365 935 1406 οἱ
961 1366 1003 1407 δὲ
1027 1370 1106 1407 πᾶν
1128 1365 1150 1407 ὃ
1173 1367 1246 1420 τὴν
1269 1366 1418 1409 ἐκείνου
1442 1365 1772 1421 δύναμινναῖἰξειν

293 1433 455 1487 ἔμελλεν
478 1433 686 1489 ἔπραττον.
758 1432 842 1475 εἷτα
866 1435 933 1475 καὶ
957 1435 1073 1490 ἕτερα
1097 1435 1273 1476 Κελτικὰ
1296 1433 1462 1490 νικήσας
1485 1434 1586 1490 ἔθνη
1610 1437 1677 1477 καὶ
1700 1435 1772 1478 τὸν

286 1499 428 1556 Ῥῆνον
458 1501 700 1558 γεφυρώσας
732 1506 894 1558 στρατῷ
926 1503 1053 1557 διέβη.
1122 1504 1277 1545 ἐκεῖθεν
1316 1503 1358 1546 δ’
1397 1502 1665 1556 ἔπαναζεύξας
1696 1503 1820 1558 τὴνΞἸ

291 1575 366 1625 τῆς
387 1570 534 1620 παιδὸς
557 1570 683 1613 αὐτοῦ
705 1569 904 1624 τελευτήν,
937 1570 964 1625 ἢ
987 1575 1046 1629 τῷ
1066 1573 1276 1630 Πομπηίῳ
1299 1570 1491 1630 συνῴκει,
1538 1571 1769 1627 μεμάθηκε,

292 1640 360 1680 καὶ
393 1636 454 1681 ὅτι
489 1640 681 1681 τίκτουσα
715 1640 909 1694 τέθνηκε,
958 1641 1024 1680 καὶ
1060 1637 1116 1690 ὥς
1147 1640 1240 1693 μετ’
1278 1639 1412 1696 ὀλίγον
1444 1642 1511 1683 καὶ
1544 1641 1591 1683 τὸ
1625 1641 1771 1695 τεχθὲν

382 1747 405 1780 2
428 1757 548 1786 ουτως
570 1746 635 1780 hoc
662 1747 740 1780 loco
768 1745 829 1780 AB
852 1746 1076 1792 Plutarchus,
1099 1749 1183 1790 post
1204 1746 1377 1791 μαλακῶς
1398 1731 1489 1783 PW.
1584 1748 1608 1784 4
1629 1743 1771 1792 μέλλων

382 1791 547 1848 κίμβρων
570 1793 600 1826 Α
621 1793 842 1835 Plutarchus,
867 1791 1042 1846 Κίμβρων
1066 1774 1205 1836 μέλλων
1228 1794 1319 1831 PW.
1413 1793 1436 1827 8
1460 1793 1660 1848 Αριοῢστος
1682 1794 1768 1838 PW,

382 1834 607 1884 Ἀριόβυστος
629 1839 851 1872 Plutarchus.
992 1836 1116 1883 ὀλίγον
1145 1840 1188 1874 Α.
1264 1857 1272 1865 ·
1330 1839 1374 1874 12
1398 1836 1684 1884 ἀφικνουμένων
1709 1821 1768 1873 AB’

382 1884 609 1928 Plutarchus,
634 1880 872 1940 ἀφικομένων
896 1884 984 1918 PW.
1147 1884 1330 1930 πολεμίων
1353 1885 1384 1919 Α
1408 1886 1638 1931 Plutarchus,
1662 1882 1771 1920 πολέ-

382 1941 461 1974 μων
485 1931 575 1965 PW.
715 1930 759 1965 16
782 1926 953 1974 ἄπαρχας
975 1931 1018 1966 Β.

290 2021 361 2066 lio,
396 2031 483 2065 quos
515 2024 657 2066 praeter
689 2021 884 2067 opinionem
909 2032 1003 2054 suam
1029 2021 1116 2055 adeo
1140 2020 1261 2055 molles
1286 2024 1323 2055 et
1346 2021 1563 2056 effeminatos
1586 2026 1768 2056 cerneret:

290 2079 329 2101 se
355 2079 439 2101 vero
465 2079 540 2101 cum
565 2068 697 2101 decima
720 2067 857 2111 legione
881 2068 1047 2100 barbaros
1073 2068 1274 2101 invasurum
1298 2079 1376 2101 esse
1399 2068 1512 2111 dixit,
1538 2068 1629 2113 quod
1654 2079 1768 2112 neque

289 2113 411 2147 hostes
432 2114 598 2147 fortiores
622 2113 775 2147 Cimbris
799 2113 1023 2158 oppugnandi
1047 2118 1182 2157 essent,
1204 2124 1318 2157 neque
1340 2113 1416 2158 ipse
1438 2114 1630 2159 imperator
1653 2114 1767 2148 Mario

289 2159 457 2193 deterior.
505 2160 570 2193 hac
596 2159 755 2193 oratione
779 2160 925 2193 omnium
951 2159 1074 2192 animis
1096 2160 1140 2193 ad
1164 2159 1380 2193 alacritatem
1406 2164 1442 2193 et
1466 2159 1647 2194 audaciam
1673 2160 1770 2193 exci-

289 2205 394 2248 tatis,
431 2205 544 2239 secuti
569 2205 696 2239 milites
721 2206 905 2239 victoriam
928 2203 1096 2239 illustrem
1121 2206 1164 2239 ab
1189 2205 1350 2239 hostibus
1384 2209 1634 2250 reportarunt,
1670 2209 1770 2239 octo-

290 2251 389 2294 ginta
420 2251 558 2285 milibus
593 2251 717 2285 caesis.
765 2262 885 2286 eorum
908 2262 972 2284 rex
995 2251 1197 2285 Ariovistus
1221 2261 1296 2285 cum
1322 2252 1445 2295 paucis
1467 2251 1594 2285 Rheno
1617 2251 1767 2285 traiecto

289 2297 342 2330 ela
368 2308 428 2330 sus
454 2305 520 2331 est.

343 2309 365 2342 p
425 2342 492 2376 His
515 2343 620 2376 rebus
643 2342 755 2386 gestis
778 2342 813 2375 in
830 2341 1108 2387 circumpadana
1134 2341 1249 2376 Gallia
1270 2341 1400 2386 degens
1427 2342 1546 2387 populi
1569 2341 1688 2376 studia
1714 2345 1770 2375 est

288 2393 495 2433 aucupatus,
520 2393 557 2421 et
578 2389 703 2421 multos
728 2388 770 2421 ad
793 2400 832 2422 se
857 2388 965 2421 Roma
992 2389 1169 2433 profectos
1193 2387 1310 2421 hostili
1332 2389 1482 2433 pecunia
1505 2387 1571 2422 sibi
1598 2387 1767 2421 obnoxios

286 2434 451 2469 reddidit.
499 2434 580 2467 inde
611 2434 654 2467 ad
686 2434 770 2468 alias
802 2439 925 2478 gentes
949 2434 1133 2468 domandas
1159 2434 1357 2478 profectus,
1392 2434 1585 2468 illustribus
1608 2433 1774 2467 victoriis<

287 2481 399 2525 partis
432 2481 476 2514 ad
504 2475 641 2514 Padum
674 2480 709 2513 in
746 2480 891 2513 hiberna
924 2480 1050 2524 rediit,
1083 2480 1256 2513 Romanos
1287 2479 1436 2526 pecunia
1466 2479 1534 2514 sibi
1566 2479 1766 2522 concilians,

288 2536 390 2569 quam
414 2526 456 2560 iis
483 2526 736 2580 suppeditabat
760 2526 818 2571 qui
842 2526 1065 2570 magistratus
1089 2525 1308 2570 ambiebant,
1344 2537 1412 2571 quo
1445 2525 1592 2571 populus
1615 2536 1680 2571 per
1704 2536 1766 2559 eos

287 2576 586 2626 corrumperetur,
622 2576 662 2605 ut
685 2572 728 2605 iis
752 2575 904 2614 tantum,
943 2572 1004 2616 qui
1027 2577 1266 2614 numerarent,
1294 2572 1517 2625 magistratus
1541 2570 1760 2606 decerneret.

287 2617 339 2653 illi
362 2618 470 2662 igitur
494 2618 578 2651 nihil
602 2628 720 2651 eorum
743 2618 953 2651 omittebant
975 2617 1100 2661 quibus
1124 2617 1199 2650 eius
1222 2618 1382 2662 potentia
1406 2622 1603 2661 augeretur.
1634 2616 1760 2650 deinde

288 2662 365 2695 aliis
399 2663 535 2697 Galliae
577 2663 712 2709 populis
754 2663 930 2708 superatis
961 2663 1115 2697 Rhenum
1157 2668 1265 2707 ponte
1304 2663 1459 2697 iunctum
1491 2673 1566 2696 cum
1603 2662 1759 2696 exercitu

287 2708 441 2742 transiit.
499 2709 580 2743 inde
605 2720 790 2752 reversus,
822 2709 917 2743 filiae
941 2708 1103 2754 Pompeio
1128 2714 1260 2762 nuptae
1284 2715 1395 2743 morte
1419 2721 1464 2742 ex
1487 2708 1676 2762 puerperio
1700 2719 1759 2740 co-

285 2754 403 2798 gnita,
434 2766 544 2800 puero
569 2755 671 2789 etiam
694 2756 798 2801 paulo
823 2759 904 2801 post.
926 2754 1112 2798 defuncto,
1136 2753 1213 2799 ipse
1235 2758 1273 2789 et
1298 2754 1480 2801 Pompeius
1503 2754 1540 2788 in
1562 2754 1658 2788 luctu
1684 2755 1760 2788 sue—
