1820 3120
278 83 380 128 344
699 110 711 150 ·.
751 83 982 126 loANle
1011 83 1273 127 ZONARAE

277 189 334 237 ὧν
357 195 601 251 προετείνετο
626 196 682 244 εἷς
704 194 800 245 τοὺς
833 195 926 238 κατ’
963 195 1090 239 αὐτοῦ
1119 195 1432 253 ψηφισαμένους
1460 195 1747 255 &nemetiam

277 262 316 304 οἱ
341 264 365 304 δ
372 262 384 278 ’
419 263 461 304 ἓν
491 266 543 319 τῇ
567 260 702 320 Ῥώμῃ
726 263 917 318 πολέμιον
941 259 1065 314 αὖθις
1086 264 1156 308 τὸν
1172 262 1382 307 Ἀντώνιον
1403 265 1656 323 ἐψηφίσαντο
1679 269 1750 310 καὶ

275 330 371 379 τοὺς
404 329 516 388 αὐτῷ
546 332 940 388 συστρατευομένους
976 334 1010 374 εἰ
1046 331 1104 387 μὴ
1141 332 1264 374 αὐτὸν
1297 324 1564 386 καταλίποιεν,
1586 370 1587 373 ,
1608 335 1747 390 ἑτέραν

272 396 429 454 ἡμέραν
453 401 509 449 εἷς
532 403 649 442 τοῦτο
675 401 812 450 αὐτοῖς
836 397 1081 457 ὁρισάμενοι.
1116 398 1138 442 ὅ
1163 401 1206 442 δὲ
1229 399 1452 459 ἐπολιόρκει
1475 401 1546 444 τὸν
1563 401 1747 456 Δέκιμον

273 466 316 508 ἓν
338 470 390 523 τῇ
411 469 621 524 Μουτίνῃ,
658 469 704 510 οὗ
732 469 868 522 με’ντοι
892 466 1013 524 λόγου
1038 458 1374 525 τιᾴκατώρθωσεν
1396 468 1520 520 όίξιον.
1576 467 1598 513 ὃ
1621 471 1778 514 Δάτι-5

272 552 351 588 μος
374 535 417 577 δὲ
441 540 601 592 πρῶτον
622 537 695 590 μὲν
719 539 895 592 ἰσχυρῶς
916 535 1088 592 ἠμύνετο
1112 537 1182 579 τὸν
1211 535 1434 588 Ἀντώνιον,
1473 537 1608 581 ἔπειτα
1642 556 1746 582 παν-

277 607 401 653 τελῶς
433 603 706 659 ἀπετειχίσθη.
777 607 913 654 δείσας
944 601 1014 648 οὖν
1045 603 1065 648 ὅ
1091 607 1255 662 Καῖσαρ
1278 605 1336 660 μὴ
1360 604 1388 660 ἢ
1412 603 1575 664 ἆλῴηῆ
1597 606 1748 666 ἀπορίᾳ

275 676 356 714 τῶν
379 673 608 727 ἐπιτηδείων
631 674 762 727 ἐνδοίη
773 705 785 724 ,
811 671 885 716 σύν
906 691 950 729 γε
974 678 1030 731 τῷ
1047 672 1177 731 Ἱρτίῳ
1201 672 1486 730 ἐπεστράτευσε
1504 674 1605 731 πρὸς
1621 677 1749 718 Μου-

274 741 398 794 τίνην.
459 741 530 783 τὸν
554 742 597 783 δὲ
620 742 722 799 πρὸς
746 742 848 798 αὐτῇ
871 742 1054 796 ποταμὸν
1077 746 1361 799 περαιωθῆναι
1375 743 1457 787 ,οὐκ
1480 741 1747 798 ἠδυνήθησαν

275 808 344 850 διὰ
366 808 440 863 τὴν
463 810 504 851 ἒν
531 809 640 867 αὐτῷ
665 809 851 867 φρουράν
866 824 876 834 ·
923 809 1160 861 σπεύδοντες
1183 811 1234 852 δὲ»
1249 810 1321 865 τὴν
1344 809 1499 854 ἑαυτῶν
1520 813 1745 868 παρουσίαν
1758 816 1804 853 10

88 879 114 913 P
138 880 157 916 1
179 881 250 919 497
271 880 330 934 τῷ
353 877 519 934 Δεκίμῳ
541 879 759 934 γνωρίσαι,
802 878 882 921 ἀπὸ
916 883 996 922 τῶν
1027 877 1298 933 ὑψηλοτάτων
1329 879 1506 937 δένδρων
1534 878 1746 937 ἐφρυκτώ-

270 962 380 1000 ρουν.
417 943 473 995 ὥς
496 947 539 987 δ’
567 947 613 988 οὐ
639 948 784 998 συνίει,
811 948 1010 1002 μολίβδου
1035 948 1178 990 λεπτὸν
1203 946 1304 1004 ἄγαν
1327 946 1564 1002 ποιήσαντες
1585 948 1747 1002 ἔλασμα

268 1011 455 1068 ἔγραψαν
488 1016 543 1073 ἓν*
563 1015 694 1072 αὐτῷ,
741 1018 807 1057 καὶ
843 1014 899 1066 ὡς
928 1014 1084 1072 χάρτην
1118 1020 1237 1059 τοῦτο
1276 1017 1475 1067 ἐλίξαντες
1499 1009 1746 1073 ’κολυμβητῇ

269 1083 478 1138 διενεγκεῖν
502 1081 677 1126 ἔδωκαν·
723 1087 789 1126 καὶ
823 1083 951 1135 οὕτως
983 1083 1003 1127 ὃ
1037 1085 1215 1138 Δέκιμος
1245 1085 1318 1140 τὴν
1351 1085 1580 1142 παρουσίαν
1610 1086 1745 1129 αὐτῶν

65 1159 109 1190 W
125 1159 159 1193 II
178 1158 246 1195 137
269 1151 422 1205 μαθὼν
445 1150 714 1195 ἀντεπέστειλε
741 1155 856 1210 σφίσι
879 1153 949 1195 τὸν
973 1153 1095 1196 αὐτὸν
1117 1151 1279 1209 τρόπον.
1475 1174 1478 1177 ·
1755 1157 1800 1191 15

397 1217 447 1261 Ὅ
480 1215 550 1263 οὖν
578 1220 784 1272 Ἀντώνιος
816 1219 921 1277 ὁρῶν
948 1222 1020 1264 οὒκ
1053 1220 1259 1264 ἐνδιδόντα
1289 1221 1360 1264 τὸν
1384 1220 1577 1275 Δέκιμον,
1611 1221 1745 1279 ἐκείνῳ

267 1286 339 1329 τὸν
362 1286 539 1344 ἀδελφὸν
561 1290 746 1332 κατέλιπε
769 1289 970 1341 Λούκιον,
1017 1290 1141 1340 αὐτὸς
1174 1290 1214 1332 δ’
1251 1290 1314 1332 ἐπὶ
1345 1289 1415 1331 τὸν
1449 1291 1643 1346 Καίσαρα
1677 1291 1745 1332 καὶ

266 1354 337 1397 τὸν
351 1354 497 1412 Ἵρτιον
521 1356 698 1414 ὥρμησε.
769 1360 836 1400 καὶ
861 1357 1056 1416 πρότερον
1078 1359 1152 1414 μὲν
1176 1360 1380 1408 ἲσοπαλεῒς
1403 1358 1576 1413 ἐγίνοντο
1599 1356 1745 1412 μάχαι,

265 1421 457 1479 ὑπερέσχε
492 1425 533 1466 δ’
567 1425 779 1481 ὕστερονὸ
809 1426 1032 1476 Ἀντώνιος.
1102 1428 1169 1469 καὶ
1203 1426 1271 1468 τὸν
1303 1424 1466 1468 Ἰούνιον
1497 1425 1746 1480 αἰσθόμενος

267 1491 563 1546 πλησιάζοντα,
608 1494 736 1550 ἀπῆρε
769 1495 912 1537 λαθὼν
946 1494 1089 1545 νυκτὸς
1121 1494 1184 1537 ἐπ’
1222 1493 1359 1546 αὐτόν,
1403 1496 1472 1536 καὶ
1506 1492 1800 1552 ἐνεδρεύσαςΞΟ

267 1559 390 1602 αὐτόν
413 1578 453 1603 τε
478 1562 702 1619 κατέτρωσε
727 1565 794 1604 καὶ
818 1567 897 1605 τῶν
922 1567 1180 1620 στρατιωτῶν
1205 1563 1301 1612 τοὺς
1334 1564 1494 1613 πλείους
1528 1563 1743 1614 ἀπέκτεινε,

266 1628 361 1679 τοὺς
385 1630 431 1671 δέ
451 1646 491 1685 γε
518 1631 681 1683 λοιποὺς
704 1633 759 1682 εἲς
782 1632 831 1674 τὰ
857 1630 1126 1690 ταφρεύματα
1149 1631 1394 1674 κατέκλεισε·
1440 1633 1507 1674 καὶ
1539 1631 1641 1688 πρὸς
1674 1632 1745 1675 τὸν

360 1781 382 1818 7
405 1775 431 1825 ἦ
453 1782 598 1827 primum
623 1795 676 1818 om
700 1784 742 1821 B.
856 1785 900 1820 19
924 1787 961 1819 et
985 1796 1058 1830 seq.
1077 1780 1256 1828 Ἰούνιον]
1286 1779 1466 1818 Οὐϊούϊον
1491 1783 1578 1818 Βὶοε
1603 1783 1744 1819 Vibium

361 1828 511 1862 Pansam
545 1829 733 1864 consulem.
898 1831 944 1865 22
968 1828 1021 1870 εἰς
1047 1827 1093 1864 τὰ
1116 1828 1365 1874 ταφρεύματα,
1381 1826 1587 1873 κατέκλεισε
1609 1833 1640 1866 Α
1662 1830 1743 1875 Dio,

361 1870 590 1909 κατέκλεισεν
614 1873 668 1916 εἰς
691 1872 734 1910 τὸ
759 1873 955 1922 τάφρευμα
980 1877 1069 1913 PW.
1209 1872 1317 1920 πρὸς]
1341 1873 1434 1920 πρός
1455 1886 1493 1910 τε
1516 1876 1561 1913 Α.

268 2013 430 2044 auctores
452 2011 611 2047 retorsit.
658 2012 879 2056 quamobrem
903 2012 1014 2046 denuo
1041 2016 1078 2046 et
1099 2013 1175 2057 ipse
1200 2011 1311 2046 hostis
1334 2011 1506 2052 iudicatus
1530 2016 1597 2057 est,
1624 2017 1660 2048 et
1682 2012 1747 2047 mi-

267 2055 369 2100 lites,
397 2056 433 2091 ni
457 2057 552 2091 illum
576 2057 821 2102 reliquissent,
848 2058 918 2092 alio
940 2058 996 2092 die
1021 2059 1218 2104 praefinito.
1265 2058 1324 2092 ille
1354 2069 1436 2092 vero
1461 2058 1619 2093 Mutinae
1641 2059 1748 2093 Deci-

267 2113 356 2136 mum
390 2103 554 2136 obsidens
589 2104 674 2138 nihil
708 2104 820 2148 gessit
851 2105 1086 2139 memorabile.
1139 2103 1300 2138 Decimus
1324 2114 1409 2137 vero
1430 2105 1573 2149 primum
1602 2104 1746 2150 egregie

266 2159 305 2181 se
328 2148 506 2183 defendit=
530 2149 674 2193 deinde,
698 2162 774 2184 cum
799 2151 964 2195 operibus
987 2151 1140 2194 undique
1164 2149 1299 2183 cinctus
1324 2154 1429 2194 esset,
1453 2150 1587 2185 veritus
1611 2151 1746 2184 Caesar

264 2205 309 2227 ne
333 2198 519 2239 caperetur
543 2199 604 2228 aut
628 2196 775 2240 penuria
798 2201 1005 2230 commeatus
1022 2196 1233 2231 deditionem
1246 2196 1392 2239 faceret,
1416 2207 1491 2230 cum
1508 2195 1625 2230 Hirtio
1642 2207 1746 2230 exer-

266 2239 371 2273 citum
409 2251 531 2275 versus
565 2241 737 2276 Mutinam
771 2242 880 2277 duxit.
929 2242 991 2276 sed
1016 2254 1090 2276 cum
1115 2252 1245 2275 amnem
1269 2241 1573 2286 praeterfluentem
1597 2248 1745 2287 propter

268 2286 444 2321 custodias
465 2287 633 2321 traiicere
657 2300 724 2321 non
750 2293 916 2334 possent,
942 2292 979 2322 et
1001 2288 1044 2322 de
1067 2299 1131 2321 sua
1155 2287 1357 2332 praesentia
1380 2298 1454 2321 eum
1479 2288 1666 2322 certiorem
1688 2288 1743 2322 fa-

269 2336 362 2365 ctum
387 2337 577 2376 cuperent,
606 2345 649 2367 ex
673 2334 849 2368 altissimis
875 2334 1059 2368 arboribus
1084 2334 1117 2367 ei
1140 2333 1237 2377 signa
1262 2332 1455 2377 dederunt,
1479 2334 1615 2368 flamma
1638 2334 1745 2368 elata.

269 2388 359 2422 quae
383 2389 459 2412 cum
484 2389 551 2412 non
574 2379 802 2424 intelligeret,
824 2380 969 2414 laminae
994 2380 1122 2424 plumbi
1144 2378 1340 2413 tenuissimi
1364 2379 1448 2424 quid
1471 2379 1598 2414 vellent
1619 2379 1745 2414 inseri·
1801 2389 1804 2394 ·

267 2428 442 2468 pserunt‚-
471 2435 615 2469 eamque
649 2425 795 2459 chartae
828 2426 944 2461 instar
976 2426 1192 2460 convolutam
1225 2424 1378 2458 natatori
1409 2425 1649 2471 perferendam
1680 2425 1744 2459 de-

266 2469 405 2505 derunt.
460 2470 512 2504 sic
545 2471 708 2506 Decimus
742 2472 943 2518 praesentia
977 2483 1093 2513 eorum
1128 2469 1270 2515 cognita
1301 2470 1422 2505 eodem
1452 2471 1519 2505 illis
1553 2471 1652 2506 modo
1684 2482 1742 2506 re-

268 2514 425 2561 scripsit.

407 2561 580 2595 Antonius
604 2573 680 2596 cum
703 2562 880 2597 Decimum
906 2562 991 2596 nihil
1013 2562 1134 2596 cedere
1159 2560 1321 2604 videret,
1344 2561 1452 2596 Lucio
1475 2562 1588 2597 fratre
1609 2562 1652 2596 ad
1677 2563 1742 2597 ob-

272 2605 438 2641 sidionem
469 2607 592 2641 relicto
624 2613 744 2642 contra
768 2609 953 2645 Caesarem
983 2612 1020 2642 et
1041 2607 1192 2642 Hirtium
1216 2612 1272 2640 est
1294 2608 1484 2652 profectus.
1533 2619 1574 2642 ac
1597 2609 1741 2654 primum

269 2662 382 2695 aequo
406 2653 523 2687 Marte
545 2657 714 2688 certatum
739 2659 814 2688 est:
848 2655 985 2688 tandem
1016 2654 1133 2688 victor
1160 2652 1331 2686 Antonius
1363 2657 1471 2688 noctu
1500 2654 1586 2688 clam
1619 2658 1743 2688 contra

268 2697 400 2732 Iunium
428 2699 621 2744 [Vibium]‚
646 2711 747 2744 quem
770 2701 1053 2746 appropinquare
1075 2703 1246 2741 senserat,
1270 2698 1378 2741 ducit,
1392 2711 1549 2745 eumque
1571 2712 1635 2746 per
1658 2699 1741 2733 insi—

267 2742 345 2777 dias
368 2745 549 2790 vulnerat,
581 2746 758 2782 maximam
792 2747 867 2781 eius
899 2746 1043 2781 militum
1067 2749 1202 2790 partem
1225 2744 1360 2790 caedit,
1396 2745 1550 2791 reliquos
1580 2746 1618 2780 in
1649 2745 1740 2780 vallo
