1820 3120
266 97 363 145 114
730 97 957 144 IOANNIS
989 98 1248 142 ZONARAE

262 211 436 269 τρωθεὶς
457 208 580 261 αῧτός
600 227 643 254 τε
665 210 888 269 ἐσφάδαζεν
911 214 955 255 ἐκ
975 216 1048 255 τοῦ
1066 210 1321 269 τραύματος,
1343 213 1409 254 καὶ
1428 212 1466 255 οἳ
1484 211 1599 255 ἄλλοι
1614 211 1716 268 πρὸς

261 279 337 329 τὰς
359 279 506 322 ἐκείνου
526 278 632 334 βοὰς
651 279 934 338 ἐταράσσοντο.
1001 280 1069 322 διὰ
1090 284 1207 323 τοῦτο
1230 279 1309 337 γὰρ
1332 277 1353 322 ὅ
1375 279 1546 338 Πύρρος
1576 280 1713 335 ἐπέσχε

260 346 333 402 τὴν
355 348 503 400 δίωξιν,
543 349 610 390 καὶ
634 347 761 399 οὕτως
784 349 821 392 οἳ
843 348 1034 403 Ῥωμαῖοι
1058 346 1342 403 διαβεβηκότες
1363 348 1434 391 τὸν
1455 348 1637 403 ποταμὸν
1660 349 1716 399 εἲς

251 413 470 458 Ἀπουλίδα
490 414 606 459 πόλιν
629 418 717 460 τινὰ
740 416 1026 472 ἀπεσώθησαν.
1078 418 1220 459 πολλοὶ
1243 417 1288 458 δὲ
1311 419 1378 458 καὶ
1399 419 1479 459 τῶν
1499 418 1572 459 τοῦ
1592 413 1715 473 Πύρ-

258 500 332 540 ρου
354 489 610 540 στρατιωτῶν
631 487 698 527 καὶ
722 490 802 528 τῶν
823 484 1027 542 ἡγεμόνων
1051 483 1316 535 πεπτώκασιν,
1350 483 1452 527 ὥστε
1475 482 1747 542 σνγχαιρόν-ξ»

256 567 337 594 των
360 552 470 611 αὐτῷ
491 557 563 607 τῆς
583 554 692 608 νίκης
714 558 832 596 τινῶν
848 552 913 596 “εἲ
934 554 1001 595 καὶ
1025 548 1147 603 αὖθίς
1168 569 1262 595 ποτε
1287 550 1463 606 ὄμοίως”
1488 550 1566 609 ἔφη
1582 549 1716 608 “acea-

204 628 237 662 D
258 617 446 674 τήσομεν,
479 619 791 675 ἀπολούμεθα.”
861 621 956 670 τοὺς
985 621 1119 674 μέντοι
1147 619 1369 675 Ῥωμαίους
1390 621 1457 662 καὶ
1480 619 1717 675 νικηθέντας

254 686 501 742 ἐθαύμασεν,
532 689 652 731 εἰπών
677 688 738 731 ὅτι
757 686 860 744 “τὴν
882 689 1116 743 οἰκουμένην
1140 687 1190 731 ἂν
1211 693 1347 732 πᾶσαν
1370 686 1658 746 ἐχειρωσάμην,
1681 690 1716 730 εἲ

249 753 465 810 “.Ρωμαι’ων
487 757 763 810 ἐβασίλευονῇ

381 822 430 866 Ὁ
451 825 525 878 μὲν
548 820 619 867 οὗν
640 823 810 881 Πύρρος
840 824 903 866 ἐπὶ
934 829 984 881 τῇ
1017 825 1104 880 νίκῃ
1139 825 1242 879 μέγα
1274 823 1438 878 ἔσχηκεν
1460 822 1612 878 ὄνομα,
1645 823 1713 865 καὶ
1724 836 1770 871 10

253 892 395 932 πολλοὶ
417 891 529 949 αὐτῷ
548 891 875 949 προσεχώρησαν,
899 894 941 934 o‘c'
958 909 1000 934 τε
1019 890 1226 946 σι’μμαχοι
1243 891 1433 950 ἀφίκοντο
1450 890 1551 949 πρὸς
1567 889 1689 934 αὐτόν
1701 904 1714 916 ·

69 965 117 1000 W
132 964 229 1002 1146
253 956 315 1007 οἷς
348 957 462 1013 ὀλίγα
495 957 733 1014 ἐπιτιμήσας
764 958 833 1001 διὰ
854 958 929 1013 τὴν
950 959 1155 1014 μέλλησιν,
1188 963 1270 1002 τῶν
1292 958 1448 1002 σκύλων
1469 959 1713 1014 μετέδωκεν·

251 1025 314 1082 (4)
339 1026 378 1068 οῖ
401 1026 443 1068 δ’
469 1026 509 1069 ἐν
531 1032 582 1083 τῇ
607 1025 750 1084 ιΡώμῃ
772 1026 953 1082 ἤλγησαν
975 1028 1038 1069 ἐπὶ
1061 1032 1110 1083 τῇ
1132 1026 1232 1084 ἥττῃ
1242 1058 1255 1078 ,
1288 1031 1346 1085 τῷ
1370 1027 1417 1069 δέ
1434 1043 1479 1082 γε
1498 1027 1713 1085 Λαουϊνίῳ

250 1091 482 1150 στράτευμα
499 1089 712 1150 ἔπεμψαν,
756 1096 823 1136 καὶ
847 1095 917 1137 τὸν
942 1095 1131 1151 Τιβέριον
1158 1096 1201 1137 ἐκ
1235 1099 1316 1138 τῶν
1340 1097 1563 1152 Τυρσηνῶν
1594 1110 1714 1148 μετε-

249 1161 478 1216 πέμψαντο,
523 1165 590 1204 καὶ
613 1164 687 1218 τὴν
709 1161 826 1205 πόλιν
851 1163 919 1205 διὰ
946 1167 1132 1220 φυλακῆς
1155 1161 1408 1218 ἐποιήσαντο,
1454 1161 1712 1217 πυνθανόμε-
1724 1170 1768 1206 15

249 1246 311 1272 νοι
333 1231 399 1272 ἐπ’
426 1230 551 1285 αὐτὴν
572 1231 642 1273 τὸν
665 1230 835 1288 Πύρρον
858 1232 1099 1287 ἐπείγεσθαι.
1167 1230 1189 1275 ὅ
1212 1233 1348 1285 μέντοι
1370 1232 1598 1281 Λαουΐνιος
1618 1230 1715 1281 τοὺς
1774 1277 1777 1283 .

251 1299 421 1348 οἰκείους
456 1315 498 1340 τε
535 1301 786 1355 τραυματίας
820 1297 1129 1353 ἐξακεσάμενος,
1174 1301 1243 1342 καὶ
1281 1299 1378 1349 τοὺς
1417 1299 1714 1350 σκεδασθέντας

62 1375 92 1409 Ρ
115 1372 135 1408 Ῑ
157 1373 226 1410 373
249 1365 507 1422 συναγαγών,
548 1366 629 1422 ἤδη
661 1369 730 1409 καὶ
763 1371 844 1410 τῶν
877 1368 920 1410 ἐκ
947 1366 1114 1422 Ῥώμης
1145 1367 1413 1425 πεμφθέντων
1443 1367 1712 1424 ἀφικομένων,

247 1434 319 1477 τὸν
340 1433 513 1492 Πύρρον
542 1434 818 1493 παρεπόμενος
849 1433 1007 1479 ἐλύπει·
1042 1437 1109 1478 καὶ
1130 1435 1204 1492 τὴν
1226 1434 1402 1490 Καπύην
1428 1434 1580 1490 μαθὼν
1610 1433 1712 1478 ἑλεῖν

248 1500 499 1558 γλιχόμενον,
531 1504 806 1561 προκατέλαβε
829 1505 897 1548 καὶ
920 1502 1130 1562 ἐφύλαξεν.
1196 1501 1392 1562 ἁμαρτὼν
1424 1501 1470 1545 δ’
1506 1504 1656 1559 ἐκείνης
1685 1500 1767 1548 ἔ20

338 1654 362 1687 5
386 1650 655 1697 συγχαιρόντων
676 1673 721 1679 -
748 1652 772 1689 9
794 1650 1009 1701 ἐβασίλευον
1035 1653 1158 1689 Diouis
1193 1656 1394 1700 excerptum
1424 1653 1628 1688 Vaticanum
1649 1653 1710 1689 48.

339 1698 364 1734 8
378 1693 624 1743 ἐχειρωσάμην
646 1711 700 1734 om
717 1700 760 1736 C.
854 1701 899 1734 10
912 1697 954 1734 Ὁ
975 1696 1043 1743 μὲν
1067 1694 1137 1735 οὖν
1158 1719 1204 1726 -
1226 1701 1273 1737 12
1294 1699 1368 1735 τῶν
1389 1695 1531 1735 σκύλων
1550 1695 1709 1744 μετέδω-

339 1754 404 1778 κεν
425 1744 547 1779 Dionis
569 1750 769 1792 excerptum
791 1746 999 1781 Vaticanum
1022 1744 1080 1782 49.

385 1834 555 1871 Romus.
609 1836 697 1881 Cap.
726 1835 761 1872 4.
817 1836 944 1871 Dionis
979 1834 1160 1870 Historiae
1188 1836 1371 1870 Romanae
1399 1834 1480 1870 lilm·
1512 1835 1708 1880 deperditi:

338 1886 506 1925 excerpta
536 1881 712 1916 Vaticana
735 1882 890 1916 50—54
907 1893 944 1927 p.
969 1880 1036 1916 172
1059 1892 1126 1926 sq„
1153 1880 1384 1916 Ursinianum
1399 1881 1480 1924 146,
1501 1886 1538 1916 et
1551 1881 1648 1926 quod
1663 1892 1708 1916 ex

335 1926 536 1971 Florilegio
567 1927 740 1962 Vaticano
772 1929 816 1962 A.
846 1928 967 1961 Maius
997 1926 1108 1962 edidit
1138 1933 1345 1973 excerptum
1376 1926 1423 1964 36
1435 1953 1446 1973 ,
1485 1927 1708 1973 Scriptorum

339 1976 497 2007 veterum
518 1982 632 2008 novae
655 1973 874 2009 collectionis-
889 1974 958 2007 vol.
980 1973 1004 2007 2
1024 1984 1065 2019 p.
1092 1971 1172 2010 538.

245 2104 324 2148 ipsc
346 2105 571 2149 perturbatus
593 2112 707 2151 essct,
741 2113 777 2141 et
799 2107 934 2141 barritu
958 2118 1020 2141 suo
1042 2111 1203 2142 caeteros
1227 2106 1416 2143 turbasset.
1463 2117 1542 2141 nam
1565 2116 1642 2140 cum
1663 2117 1708 2141 ea

247 2149 293 2183 de
315 2161 421 2184 causa
442 2151 599 2195 Pyrrhus
622 2164 643 2186 a
666 2153 905 2198 persequendo
939 2152 1154 2196 destitisset,
1186 2152 1336 2186 Romani
1366 2151 1508 2186 flumine
1538 2156 1706 2198 superato

245 2194 283 2228 in
313 2196 432 2230 urbem
462 2198 631 2241 quandam
653 2199 801 2244 Apuliae
834 2203 1082 2244 pervenerunt.
1128 2197 1226 2233 multi
1247 2198 1351 2232 etiam
1375 2208 1419 2231 ex
1441 2197 1571 2242 Pyrrhi
1590 2197 1708 2232 militi-

246 2240 314 2274 bus
344 2245 381 2274 et
413 2241 560 2277 ducibus
584 2245 796 2279 ceciderunt.
834 2255 948 2290 quare
971 2255 1045 2279 cum
1070 2244 1102 2278 ei
1125 2243 1263 2290 quidam
1285 2243 1465 2278 victoriam
1487 2243 1707 2289 gratularen-

245 2289 318 2330 tur,
338 2282 396 2320 “si
418 2285 557 2322 denuo”
580 2289 693 2334 inquit
711 2287 787 2324 “ita
807 2290 1011 2333 vicerimus,
1039 2294 1151 2324 actum
1175 2290 1219 2324 de
1241 2289 1342 2323 nobis
1365 2283 1476 2323 erit.”
1521 2293 1559 2323 et
1579 2288 1705 2324 Roma·

246 2342 312 2365 nos
334 2333 492 2377 quamvis
516 2334 627 2368 victos
653 2336 841 2371 admiratus
862 2332 918 2371 “si
939 2332 1135 2370 Romanis”
1157 2335 1209 2370 ait
1227 2331 1476 2381 “impetui-em,
1505 2335 1706 2370 universum

246 2377 367 2413 orbem
388 2376 649 2424 subiugarem.”
1463 2412 1472 2426 .,

384 2423 442 2458 Ex
462 2437 505 2460 ea
527 2426 678 2461 victoria
700 2438 858 2471 magnum
879 2437 1003 2461 nomen
1024 2425 1181 2470 Pyrrhus
1204 2425 1351 2471 adeptus
1374 2428 1448 2468 est,
1476 2435 1518 2459 ac
1543 2425 1644 2460 multi
1665 2435 1705 2459 se

249 2469 295 2503 ad
318 2480 395 2503 eum
417 2472 648 2509 contulerunt.
693 2474 817 2514 sociis,
843 2484 920 2507 cum
941 2472 1132 2515 venissent,
1156 2471 1200 2505 ob
1221 2482 1350 2505 moram
1371 2470 1527 2505 nonnihil
1551 2469 1707 2515 castiga-

249 2515 297 2547 tis
317 2519 452 2560 partem
473 2518 711 2552 manubiarum
735 2519 844 2553 dedit.
892 2517 949 2562 (4)
972 2517 1031 2563 qui
1052 2517 1185 2551 Romae
1215 2521 1316 2550 erant
1348 2517 1394 2550 ob
1426 2521 1602 2561 acceptam
1635 2515 1706 2549 cla-

249 2560 326 2594 dem
347 2563 470 2597 maesti
493 2563 652 2598 Laevino
673 2565 945 2610 supplementum
963 2563 1152 2605 miserunt,
1188 2566 1225 2596 et
1246 2562 1393 2597 Tiberio
1416 2573 1460 2596 ex
1483 2561 1626 2595 Etruria
1648 2572 1706 2595 re—

250 2610 378 2640 vocato
403 2609 523 2643 urbem
546 2609 730 2655 praesidiis
751 2611 950 2646 firmarunt:
971 2620 1048 2643 nam
1063 2607 1236 2653 Pyrrhum
1258 2608 1303 2642 ad
1325 2618 1399 2642 eam
1422 2607 1563 2642 tendere
1585 2606 1705 2640 audie-

249 2656 343 2687 rant.
388 2653 565 2690 Laevinus
587 2667 673 2690 vero
695 2657 822 2690 sauciis
846 2656 976 2691 curatis
998 2659 1036 2690 et
1058 2654 1226 2699 dispersis
1245 2653 1459 2696 recollectis,
1482 2651 1704 2706 acceptisque

251 2697 365 2732 missis
389 2711 433 2733 ex
458 2702 545 2735 urbe
564 2702 742 2745 militibus,
765 2702 937 2747 Pyrrhum
959 2700 1162 2737 assentando
1177 2700 1340 2740 vexavit3
1366 2704 1402 2732 et
1418 2699 1584 2746 Capuam,
1607 2708 1704 2732 cuius
1758 2711 1760 2713 “

250 2742 343 2778 iilum
367 2745 555 2791 capiendae
578 2759 655 2784 esse
677 2747 835 2795 cupidum
857 2748 1033 2792 audierat,
1055 2750 1255 2793 occupatam
1278 2745 1445 2782 defendit.
1493 2755 1537 2788 eq
1557 2743 1703 2779 consilio
