1820 3120
301 101 307 137 ζ
320 89 412 135 194
782 90 1007 134 IOANNIS
1036 89 1293 134 zoNARAE

312 202 405 244 ἀλλ’
443 201 514 254 οὐχ
536 199 613 243 ὑπὸ
638 201 932 259 τῷδικτάτορι.
999 201 1020 244 ὁ
1056 197 1126 244 οὖν
1153 202 1334 255 Ἀννίβας
1366 206 1482 244 τοῦτο
1516 200 1758 256 αἰσθόμενος

312 271 351 318 ἐς
373 266 506 322 μάχην
529 268 654 311 αὐτὸν
675 267 920 326 ὗπηγάγετο,
957 269 1011 320 ὡς
1033 272 1094 313 ἐπὶ
1119 268 1342 323 καταλήψει
1363 273 1439 312 τοῦι
1455 271 1606 324 χωρίον
1627 286 1757 326 προσ-

311 335 462 378 ελθών
494 339 560 381 καὶ
583 338 970 393 περιστοιχισάμενος
993 340 1034 388 ἐξ
1058 339 1220 392 ἐνέδρας
1242 340 1297 387 εἷς
1319 338 1499 380 κίνδυνον
1519 339 1757 392 κατέστησεν

309 402 363 454 ὥς
396 410 645 464 πανστρατιᾷ
667 407 830 457 ἐξελεῖν,
868 410 901 448 εἴ
922 407 978 460 μὴ
1003 405 1025 449 ὃ
1045 404 1203 458 Φάβιος
1224 405 1326 448 κατὰ
1347 403 1474 448 νώτου
1498 405 1757 464 αὗτῷιπροσ-

305 472 435 515 πεσὼν
458 472 642 516 ἐκώλυσε.
1464 524 1466 526 v
1765 486 1787 520 5

439 541 604 582 Παθιὺν
626 536 696 582 οὖν
721 546 837 582 τοῦτο
862 539 882 582 ὃ
907 539 1087 595 ζΡοῦςρος
1110 538 1371 594 μετεβάλετο,
1406 540 1472 600 καὶ
1497 539 1542 582 τὸ
1565 538 1756 597 “eduv-
1819 556 1820 601 ξ

303 606 364 662 μά
385 626 426 651 τε
449 609 493 650 τὸ
518 611 744 665 περίλοιπον
768 610 808 657 ἐς
830 609 899 650 τὸν
925 607 1084 661 Φάβιον
1108 608 1232 657 εὐθὺς
1254 606 1399 663 ἤγαγε,
1442 609 1510 650 καὶ
1531 607 1609 662 τὴν
1627 607 1757 664 ἀρχὴν
1819 607 1820 638 f

304 677 629 731 παραδέδωκεν,,
658 675 748 717 οὐδ’
787 675 961 729 ἀνέμεινε
994 675 1062 718 τὸν
1094 678 1221 729 δῆμον
1254 676 1620 732 ἇναψηφίσασθαι,
1659 675 1753 717 ἀλλ’

121 747 149 779 Ρ
172 746 187 779 1
212 745 281 780 416
303 743 515 798 ἐθελοντὴς
542 744 613 797 τὴν
635 741 860 797 ἡγεμονίαν,
894 742 943 797 ἣν
975 744 1073 799 παρ’
1109 744 1232 786 αὐτοῦ
1266 742 1388 797 μόνος
1421 741 1629 799 ἱππάρχων
1652 742 1756 786 ,ἴλα-

300 816 385 865 βεν,
429 811 571 868 ἀφῆκε.
637 813 703 852 καὶ
744 811 865 853 αὐτὸν
906 812 968 853 ἐπὶ
1007 810 1135 868 τούτῳ
1176 809 1319 861 πάντες
1361 809 1565 868 ἐπῄνεσαν.
1630 812 1696 852 καὶ
1730 809 1809 860 διο

305 878 462 932 Φάβιος
499 879 639 920 αὐτίκα
674 880 799 932 μηδὲν
835 876 1042 928 ἐνδοιάσας
1079 884 1212 921 πᾶσαν
1247 880 1433 932 ἐδέξατο,
1474 881 1541 922 καὶ
1571 875 1593 920 ὅ
1627 880 1755 933 δῆμος

302 946 399 989 αὐτὸ
425 946 655 995 ἀπεδέξατο.
701 948 767 988 καὶ
791 946 893 999 μετὰ
915 950 1042 988 ταῦτα
1066 946 1187 996 αὐτός
1208 963 1248 989 τε
1273 947 1559 1009 ἀσφαλέστατα
1582 947 1753 1002 προέστη

299 1019 372 1056 τοῦ
394 1013 693 1069 στρατεύματος
702 1046 714 1064 ,
749 1017 814 1055 καὶ
837 1015 994 1068 μέλλων
1017 1012 1377 1069 ἀπαλλαγήσεσθαι
1409 1018 1480 1068 τῆς
1511 1014 1638 1075 ἀρχῆς
1661 1014 1755 1064 τοὺς

299 1080 478 1130 ὑπάτους
511 1083 795 1135 μετεπέμψατο
837 1084 902 1124 καὶ
943 1082 987 1124 τὸ
1029 1081 1257 1137 στράτευμα
1296 1083 1412 1138 σφίσι
1446 1081 1650 1139 παρέδωκε
1687 1083 1753 1124 καὶ

298 1149 428 1191 πάνθ’
465 1148 540 1191 ὅσα
575 1154 808 1205 πραχθῆναι
842 1151 961 1204 ἐχρῆν
985 1149 1204 1206 παρῄνεσεν
1228 1149 1516 1207 ἀφθονώτατα.
1584 1149 1752 1193 κάκεῖνοι
1763 1161 1807 1197 15

299 1219 486 1272 θρασέως
519 1217 645 1267 οὐδέν,
681 1218 784 1259 ἀλλὰ
817 1218 921 1260 κατὰ
953 1217 1024 1272 τὴν
1053 1217 1266 1272 ὑποθήκην
1298 1222 1370 1261 τοῦ
1404 1218 1564 1271 Φαβίου
1597 1215 1754 1260 ἅπαντα

297 1283 485 1340 ἔπραξαν,
515 1287 655 1341 καίπερ
679 1283 699 1326 ὃ
725 1287 765 1325 Γ
763 1287 892 1338 εμίνος
914 1287 979 1326 καὶ
1003 1284 1344 1341 προκατωρθώκει
1366 1303 1418 1328 τι.
1485 1285 1530 1328 τὸ
1553 1285 1631 1342 γὰρ
1655 1303 1753 1328 ναυ-

297 1353 406 1395 τικὸν
429 1357 506 1396 τῶν
529 1354 820 1407 Καρχηδονίων
843 1353 941 1395 ἰδών
964 1351 1148 1409 ὁρμῆσαν
1170 1354 1242 1406 μὲν
1266 1354 1327 1394 ἐπὶ
1351 1352 1423 1407 τὴν
1451 1353 1638 1404 Ἰταλίαν,
1683 1354 1751 1395 διὰ

245 1423 274 1457 Β
299 1422 341 1462 δὲ
374 1420 444 1475 τὴν
476 1420 820 1476 ἀντιπαρασκευὴν
844 1421 974 1463 αὐτῶν
996 1421 1053 1475 μὴ
1077 1424 1303 1476 προσμῖξαν
1327 1421 1429 1477 αὐτῇ
1438 1451 1451 1472 ,
1485 1418 1754 1470 ἓπεκπλεύσας

294 1486 345 1530 τά
369 1505 409 1530 τε
433 1492 512 1537 τῶν
536 1489 722 1543 Κυρνίων
745 1491 810 1530 καὶ
834 1489 884 1530 τὰ
907 1492 986 1530 τῶν
1012 1490 1243 1545 Σαρδονίων
1271 1491 1311 1531 ἐν
1342 1494 1399 1546 τῷ
1430 1487 1629 1546 παράπλῳ
1661 1489 1806 1542 εἶβε-2ο

293 1555 524 1609 βαιώσατο,
561 1558 625 1597 καὶ
658 1557 699 1605 ἐς
731 1557 802 1610 τὴν
824 1554 1149 1611 Λιβύην’ἐκβὰς
1180 1555 1520 1611 ἒλεηλάτησετὴν
1552 1558 1752 1613 παραλίαν

296 1624 432 1678 αὐτῆς.
498 1628 626 1666 ταῦτα
654 1625 726 1677 μὲν
749 1624 929 1681 ἔπραξεν,
964 1624 1011 1667 οὗ
1034 1625 1168 1678 μέντοι
1192 1624 1246 1666 δι’
1274 1625 1379 1667 αὐτὰ
1401 1622 1625 1682 ἐπεφύσητο
1649 1623 1750 1667 ὥστε

383 1778 405 1811 2
430 1776 497 1809 τοῦ
521 1786 574 1809 om
598 1774 671 1808 AB.
810 1774 1006 1818 προελθών
1029 1775 1072 1812 Α.
1184 1777 1207 1812 6
1232 1765 1472 1810 Haecin-obv
1493 1794 1538 1801 --
1561 1776 1599 1810 11
1629 1775 1752 1810 πᾶσαν

384 1817 535 1863 ἐδέξατο
571 1820 695 1854 Dionis
722 1827 922 1866 excerptum
945 1822 1153 1855 Vaticanum
1177 1820 1234 1856 75.
1418 1821 1463 1856 12
1483 1818 1686 1863 ὑπεδέξατο
1709 1821 1751 1855 Β.

383 1865 428 1899 13
451 1864 512 1899 καὶ
535 1863 673 1910 μέλλων
705 1885 749 1891 —-—
784 1865 826 1901 17
852 1863 1002 1901 ἅπαντα
1035 1864 1198 1910 ἔπραξαν
1229 1866 1350 1901 Dionis
1384 1873 1584 1912 excerptum
1609 1867 1752 1901 Vatica-

382 1922 461 1944 num
477 1910 533 1946 76.
605 1909 648 1946 17
672 1909 984 1953 προκατωρθῶκει
1000 1913 1073 1956 ΑΟ,
1098 1908 1402 1955 προκατορθῶκει
1417 1912 1508 1947 PW.
1578 1911 1622 1946 19
1638 1908 1752 1956 αὐτῇ]

385 1951 487 2002 αὐτῷ
501 1956 544 1991 Α.
611 1956 658 1990 20
673 1957 816 1991 alterum
832 1954 877 1991 τοὶ
903 1968 956 1992 οιιι
971 1957 1015 1996 Α.
1084 1957 1130 1992 22
1152 1955 1217 1993 διὰ
1240 1957 1357 1993 ταῦτα
1371 1958 1414 1992 Α.
1484 1954 1689 2001 ἐπεφύσατο
1703 1957 1746 1992 Β.

294 2100 361 2123 non
383 2090 526 2124 subesse
552 2089 725 2125 dictatori.
772 2103 840 2137 quo
864 2093 1038 2128 Hannibal
1061 2093 1318 2137 animadverso,
1353 2104 1429 2128 eum
1452 2093 1498 2127 ad
1520 2103 1666 2137 pugnam
1690 2092 1754 2127 eli-

294 2135 367 2168 cuit
400 2147 463 2180 per
491 2136 639 2180 speciem
671 2137 745 2171 eius
779 2138 848 2171 loci
882 2139 1091 2184 occupandi3
1122 2143 1159 2173 et
1181 2139 1333 2184 undique
1355 2150 1419 2184 per
1439 2138 1582 2173 insidias
1607 2138 1750 2176 circum—

296 2185 434 2213 ventum
458 2181 492 2214 iu
517 2181 699 2216 discrimen
721 2182 865 2218 adduxit
887 2185 996 2219 totius
1018 2185 1197 2219 amittendi
1218 2183 1409 2228 exercitus,
1441 2184 1511 2219 nisi
1533 2183 1664 2219 Fabius
1687 2185 1750 2218 ho-

293 2230 380 2259 stem
401 2237 422 2259 a
444 2230 545 2270 tergo
570 2228 713 2262 adortus
733 2229 938 2264 obstitisset.
1366 2243 1368 2247 ·

427 2271 503 2304 Hac
525 2272 627 2316 plaga
651 2279 795 2318 accepta
816 2275 930 2309 Rufus
953 2275 1103 2310 mutavit
1125 2275 1291 2318 animum,
1322 2278 1359 2309 ot
1380 2273 1547 2319 relliquiis
1569 2275 1751 2309 exercitus

292 2315 409 2350 statim
433 2317 475 2350 ad
502 2317 645 2351 Fabium
671 2320 831 2354 adductis
853 2321 1030 2365 imperium
1055 2331 1135 2365 una,
1162 2332 1229 2354 non
1252 2317 1463 2367 exspedtatis
1484 2320 1603 2366 populi
1624 2320 1752 2355 suffra-

293 2362 377 2406 giis,
410 2362 503 2396 ultro
527 2363 561 2396 ei
582 2365 744 2408 tradidit,
776 2366 866 2410 quod
890 2366 981 2401 solus
1005 2377 1048 2400 ex
1071 2365 1244 2410 magistris
1268 2365 1420 2410 equitum
1445 2370 1637 2411 acceperat.
1682 2377 1750 2410 quo

294 2407 427 2441 nomine
454 2410 498 2442 ab
523 2409 677 2443 omnibus
700 2415 755 2443 est
776 2411 948 2448 laudatus,
991 2412 1098 2457 idque
1118 2411 1252 2447 Fabius
1274 2411 1392 2445 statim
1415 2411 1504 2446 citra
1526 2411 1627 2446 ullam
1649 2411 1751 2447 dubi-

292 2453 460 2487 tationem
483 2454 688 2496 universum
703 2457 852 2501 recepit,
888 2458 1105 2502 approbante
1134 2457 1275 2502 populo.
1322 2456 1449 2490 deinde
1472 2456 1599 2491 milites
1621 2457 1751 2491 cautis-

293 2499 377 2532 sime
396 2498 508 2543 duxit,
533 2504 569 2532 et
590 2500 794 2544 magistratu
816 2502 974 2537 abiturus
995 2503 1151 2537 consules
1172 2503 1303 2536 tradito
1327 2502 1485 2536 exercitu
1507 2501 1750 2536 candidissime

293 2545 335 2577 de
360 2545 513 2578 omnibus
537 2546 640 2579 rebus
662 2548 816 2581 monuit:
848 2548 909 2592 qui
939 2548 1152 2582 confidenter
1180 2547 1280 2591 nihil,
1317 2548 1378 2582 sed
1406 2559 1449 2581 ex
1472 2547 1572 2582 Fabii
1594 2547 1749 2583 consiliis

293 2590 405 2623 omnia
429 2589 733 2635 administratum,
767 2593 922 2637 quamvis
944 2593 1107 2629 Geminus
1135 2604 1207 2627 rem
1235 2594 1327 2627 bene
1358 2597 1526 2638 gesserat.
1570 2603 1650 2627 nam
1671 2604 1765 2631 cum,

292 2634 435 2668 classem
459 2636 794 2681 Carthaginiensium
817 2639 964 2674 tendere
984 2639 1020 2674 in
1042 2639 1189 2681 Italiam,
1213 2639 1274 2672 sed
1298 2640 1342 2673 ob
1365 2639 1597 2673 Romanorum
1615 2637 1750 2673 instru-

293 2680 439 2713 ctionem
463 2693 532 2715 non
554 2682 728 2727 appellere
753 2684 905 2727 vidisset,
930 2685 1022 2720 inter
1042 2684 1274 2729 navigandum
1295 2684 1472 2720 Corsicam
1496 2689 1531 2718 et
1554 2683 1747 2718 Sardiniam

292 2726 455 2770 firmavit,
480 2735 515 2761 et
539 2739 704 2763 exscensu
728 2730 764 2763 in
781 2731 898 2764 Africa
921 2732 1015 2765 sacto
1039 2741 1082 2764 ex
1104 2741 1165 2764 ora
1189 2730 1355 2764 maritima
1380 2729 1526 2774 praedas
1546 2730 1630 2774 ogit.
1659 2740 1746 2774 quae
