1820 3120
202 106 205 110 .
264 90 376 135 affl}
747 85 986 136 IOANNIS'
1007 93 1266 137 ZONARAE

276 204 359 257 μὴν
375 202 563 257 Ῥωμαῖοι
573 235 586 256 ,
621 205 964 261 ἐπικαλεσαμένων
987 206 1134 256 αὐτοὺς
1156 211 1235 249 τῶν
1263 205 1542 261 πολεμούντων
1564 206 1736 259 ἐκείνοις,

277 270 372 313 οὗθ’
397 268 643 324 ὑπήκουσαν,
680 273 782 316 ἀλλὰ
808 276 874 317 καὶ
897 274 1326 331 ἀντιπρεσβευσάμενοι
1342 276 1408 317 καὶ
1423 275 1481 330 μὴ
1499 271 1738 331 δυνηθέντες

278 338 527 390 καταλλάξαι
571 339 740 393 αὐτούς,
794 344 860 384 καὶ
894 343 988 393 τοὺς
1019 341 1301 398 αἰχμαλώτους
1336 346 1417 385 τῶν
1446 344 1736 401 Καρχηδονίων

226 415 255 447 C
279 406 398 457 ὅσους
418 405 522 462 εἶχον
544 407 706 465 ἀφῆκαν
727 417 874 467 προῖκα
885 442 899 462 ,
933 413 999 453 καὶ
1028 419 1137 454 σῖτον
1160 410 1345 466 ἔπεμψαν
1365 412 1432 453 καὶ
1452 410 1738 470 μισθοφόρους

276 476 318 516 ἐκ
341 480 415 530 τῆς
434 478 579 527 οἰκείας
601 480 856 532 συμμαχίδος
878 478 1014 529 αὐτοῖς
1036 481 1309 535 ἐπαγαγέσθαι
1333 479 1578 536 ἐπέτρεψαν,
1611 479 1770 531 §denus

274 543 479 594 ἐπιεικείας
505 543 737 600 θηρώμενοι
766 550 920 599 μᾶλλον
949 547 976 602 ἢ
1009 551 1082 589 τοῦ
1114 549 1391 604 συμφέροντος
1421 547 1736 605 αὖτοῖςπρομη-

273 610 481 665 θούμενοι.
551 612 649 655 ὅθεν
671 613 888 669 πράγματα
914 613 1028 669 ἴσχον
1053 617 1264 658 εἷσὲπειτα·
1290 614 1311 658 ὁ
1335 616 1412 671 γὰρ
1429 615 1620 670 Ἀμίλκας
1635 617 1735 658 ἐκεῖ·

271 697 339 729 νος
356 677 378 721 ὃ
401 682 607 737 Βαρχίὸης
617 713 630 732 ,
665 683 745 723 ἐπεὶ
770 682 866 732 τοὺς
887 682 1085 732 ἐναντίους
1107 685 1303 738 ἐνίκησεν,
1348 685 1409 726 ἐπὶ
1431 684 1505 738 μὲν
1525 684 1621 734 τοὺς
1636 681 1734 727 Ῥω·

269 749 416 801 μαίους
428 780 440 799 ,
481 750 621 804 καίπερ
658 748 786 806 κάρτα
810 755 940 803 μισῶν
963 750 1130 803 αὐτούς,
1167 752 1239 794 οὐκ
1264 749 1459 806 ἐτόλμησε
1481 756 1735 809 στρατεῦσαι,

270 817 378 865 ἐςιὸὶὲ
400 816 473 870 τὴν
491 816 667 870 Ἰβηρίαν
690 819 801 874 παρὰ
824 817 985 874 γνώμην
1008 824 1087 862 τῶν
1110 820 1208 862 οἴκοι
1232 824 1355 863 τελῶν
1377 820 1542 876 ἀπῆρεν.
1745 826 1790 861 10

407 884 474 926 18.
535 885 656 926 Ἀλλὰ
679 890 808 928 ταῦτα
830 887 903 940 μὲν
920 888 1069 942 ἐγένετο
1093 889 1273 946 ὕστερον,
1289 875 1397 931 ’τότε
1422 890 1466 931 δὲ
1487 890 1555 931 καὶ
1577 888 1616 930 οἲ
1633 886 1734 931 Ῥω-

266 957 381 1004 μαῖοι
408 953 627 1002 Φαλίσκοις
649 954 914 1007 ἐπολέμησαν,
951 957 1017 996 καὶ
1041 954 1233 1006 Μάλλιος
1251 955 1535 1013 Τουρκουάτος
1555 956 1630 1011 τὴν
1645 955 1731 1013 χώ-

216 1025 248 1058 1)
271 1037 346 1075 ραν
370 1019 501 1062 αὐτῶν
525 1020 689 1077 ἐδῄωσε.
713 1024 779 1064 καὶ
799 1025 1002 1076 συμμίξας
1019 1024 1154 1074 αὐτοῖς
1177 1022 1334 1080 ἐσφάλη
1356 1025 1430 1077 μὲν
1450 1029 1509 1082 τῷ
1530 1019 1732 1082 ὁπλιτικῷ,

263 1095 347 1137 τοῖς
378 1088 422 1129 ‹5’
451 1088 632 1131 ἱππεῦσιν
665 1089 872 1146 ἐκράτησε.
942 1094 1007 1133 καὶ
1042 1086 1166 1141 αὖθις
1198 1092 1335 1142 αὐτοῖς
1355 1091 1632 1147 μαχεσάμενος
1654 1093 1733 1139 ἐνί-,-

265 1173 375 1210 κησε,
410 1157 476 1197 καὶ
499 1155 550 1198 τά
573 1175 615 1199 τε
643 1157 748 1200 ὅπλα
772 1159 905 1201 αὐτῶν
929 1161 994 1201 καὶ
1019 1161 1091 1214 τὴν
1110 1163 1233 1202 ἵππον
1265 1163 1330 1202 καὶ
1353 1160 1405 1203 τὰ
1427 1159 1573 1203 ἔπιπλα
1595 1162 1662 1203 καὶ
1685 1159 1730 1202 τὸ
1742 1162 1787 1202 15

266 1225 469 1273 δουλεῦον,
486 1226 553 1265 καὶ
585 1225 645 1267 τὸ·
667 1224 792 1280 ἥμισυ
825 1232 897 1281 τῆς
929 1227 1068 1283 χώρας
1093 1230 1290 1285 ἀφείλετο.
1357 1228 1590 1286 ὕστερονδὲ
1611 1227 1638 1283 ἦ
1659 1229 1732 1283 μὲν

265 1288 415 1348 ἀρχαία
438 1291 553 1342 πόλις
571 1295 626 1343 εἷς
649 1292 746 1350 ὅρος,
760 1295 931 1350 ἐρυμνὸν
950 1296 1139 1350 ἱδρυμένη
1157 1295 1404 1353 κατεσκάφη,
1428 1296 1544 1354 ἑτέρα
1563 1297 1605 1338 δῖ
1627 1297 1732 1354 ᾠκο-

265 1359 431 1415 ὸομήθη
464 1360 665 1416 εὖὲφοὸος.
733 1363 834 1415 μετὰ
871 1363 915 1405 δὲ
945 1369 1063 1405 τοῦτο
1096 1365 1346 1419 ἐπολέμησαν
1379 1360 1503 1415 αὖθις
1532 1366 1731 1418 πολέμους

263 1426 366 1483 πρός
398 1429 439 1470 τε
463 1431 663 1479 Βοουΐους
695 1432 760 1472 καὶ
793 1430 894 1485 πρὸς
925 1429 1115 1481 Γαλάτας
1150 1432 1310 1482 ἐκείνοις
1341 1431 1643 1488 πλησιοχώρους
1666 1434 1731 1474 καὶ

263 1496 364 1551 πρὸς
385 1494 556 1551 Λιγύων
578 1497 702 1547 τινάς.
767 1498 863 1548 τοὺς
888 1500 960 1554 μὲν
984 1494 1054 1542 οὗν
1076 1501 1239 1555 Λίγυας
1262 1499 1522 1557 Σεμπρώνιος
1549 1496 1730 1558 Γράκχος
1739 1505 1785 1544 2⁰

261 1562 374 1620 μάχῃ
405 1563 571 1618 νικήσας
604 1565 771 1616 ἐκάκου,
816 1568 880 1608 καὶ
914 1574 998 1618 τοῖς
1018 1567 1225 1619 Γαλάταις
1246 1568 1456 1620 Πούπλιος
1487 1569 1731 1626 Οὐαλλέριος

263 1632 485 1687 συμβαλὼν
505 1633 550 1675 τὸ
574 1635 647 1686 μὲν
670 1639 827 1690 πρῶτον
845 1633 1005 1691 ἡττήθη
1017 1669 1028 1688 ,
1065 1635 1146 1679 εἶτα
1171 1636 1402 1692 πυθόμενος
1423 1641 1479 1687 εἰς
1501 1639 1729 1697 ἐπικουρίαν

353 1762 398 1796 12
421 1759 567 1803 Μάλιος
590 1762 677 1796 PW.
758 1763 801 1799 13
826 1759 965 1808 ἐσφάλη
988 1762 1056 1810 μὲν
1080 1765 1234 1809 ABCW,
1259 1760 1464 1811 ἐσφάληκεν
1486 1766 1529 1803 Ρ.
1623 1765 1667 1801 19
1689 1777 1729 1800 τε

355 1808 423 1852 add
446 1808 518 1842 ΑΒ.
658 1811 701 1844 21
727 1804 898 1854 οἷλλήριος
920 1811 963 1845 Β.

397 1899 566 1934 Pom-as.
617 1901 704 1944 cap.
730 1900 785 1935 18.
843 1900 969 1934 Dionis
993 1901 1171 1937 Historiae
1204 1903 1388 1938 Romanae
1417 1902 1501 1938 libri
1532 1902 1727 1948 deperditi.—

353 1955 430 1978 exc.
457 1944 719 1980 Peirescianum
743 1945 799 1991 45,
829 1945 1059 1982 Ursinianum
1082 1948 1162 1985 150.

259 2057 326 2089 bus
349 2055 483 2090 illorum
508 2063 784 2103 arcesserentur,
807 2061 894 2094 adeo
921 2071 988 2094 non
1013 2065 1244 2102 assenserunt,
1267 2066 1308 2095 ut
1330 2072 1406 2095 cum
1431 2071 1494 2105 per
1516 2060 1650 2105 legatos
1669 2071 1723 2094 re-

260 2101 442 2135 conciliare
466 2103 546 2136 illos
568 2115 636 2137 non
660 2110 821 2150 possent,
856 2117 973 2140 omnes
996 2107 1333 2151 Carthaginiensium
1355 2106 1515 2151 captivos
1537 2106 1648 2151 gratis
1673 2106 1726 2140 di-

258 2147 455 2191 mitterent,
490 2149 696 2184 frumentum
728 2151 926 2194 mitterent,
961 2164 981 2185 e
1003 2153 1107 2186 sociis
1130 2153 1319 2198 provinciis
1345 2152 1584 2186 conscribendi
1606 2152 1724 2186 militis

255 2197 467 2237 potestatem
490 2194 623 2238 darent,
648 2196 851 2237 clementiae
873 2197 1005 2232 laudem
1029 2198 1136 2243 magis
1161 2204 1368 2243 occupantes
1394 2208 1496 2242 quam
1519 2197 1592 2232 suis
1615 2198 1725 2232 ratio-

259 2238 362 2272 nibus
395 2241 627 2275 consulentes.
674 2243 766 2277 unde
799 2249 879 2288 post
917 2243 954 2277 in
993 2245 1132 2288 negotia
1169 2244 1378 2282 inciderunt.
1430 2243 1608 2278 Hamilcar
1635 2244 1725 2278 enim

260 2283 456 2320 Barchinus
479 2285 536 2319 ille
558 2287 661 2320 victis
685 2288 844 2323 hostibus
866 2289 1037 2323 Romanos
1061 2290 1219 2334 quidem,
1241 2300 1436 2335 quanquam
1458 2289 1511 2323 eis
1530 2289 1725 2324 infensissi-

261 2339 347 2374 mus,
371 2331 463 2365 bello
483 2337 604 2376 petere
627 2344 695 2367 non
719 2345 824 2369 ausus
848 2341 914 2379 est,
938 2335 999 2370 sed
1022 2341 1146 2369 contra
1170 2336 1431 2380 magistratuum
1446 2335 1661 2370 voluntatem
1684 2334 1722 2368 in

258 2375 464 2423 Hispaniam
490 2378 591 2412 abiit.

397 2423 453 2460 18.
502 2424 577 2458 Sed
607 2424 695 2457 haec
718 2430 797 2470 post
818 2426 917 2461 facta
940 2431 1039 2470 sunt,
1074 2430 1144 2460 tum
1169 2430 1282 2460 autem
1306 2425 1453 2460 Romani
1475 2437 1550 2460 cum
1576 2425 1724 2460 Faliscis

259 2467 387 2503 bellum
409 2468 613 2514 gesserunt,
647 2470 778 2504 Manlio
803 2472 985 2518 Torquato
1011 2483 1130 2516 agrum
1155 2471 1287 2505 illorum
1310 2477 1443 2506 urente.
1490 2471 1551 2517 qui
1573 2481 1648 2505 cum
1672 2470 1723 2505 eis

259 2525 465 2559 congressus
494 2515 656 2562 peditatu
686 2517 893 2560 succubuit,
924 2517 1081 2562 equitatu
1110 2517 1238 2551 victor.
1284 2517 1409 2551 deinde
1431 2517 1583 2562 repetita
1630 2527 1723 2560 ugna

259 2570 320 2593 eos
344 2560 487 2603 domuit,
511 2562 616 2595 armis
639 2561 737 2606 equis
761 2564 1031 2608 supellectilibus
1053 2562 1208 2597 servitiis
1231 2568 1268 2596 et
1288 2563 1363 2607 agri
1385 2561 1529 2597 semisse
1549 2571 1602 2596 mu
1618 2561 1720 2596 tavit.

257 2605 396 2640 tandem
428 2606 532 2641 etiam
554 2607 699 2652 antiqua
722 2609 803 2642 urbs
827 2609 863 2642 in
888 2609 996 2643 arduo
1018 2610 1086 2643 sita
1109 2614 1225 2643 monte
1249 2619 1394 2651 eversa,
1419 2609 1555 2652 aliaque
1578 2607 1731 2642 condita·

258 2650 294 2684 in
324 2650 472 2695 planicie
496 2658 699 2698 oppugnatu
720 2653 844 2687 facilis.
891 2660 968 2700 post
992 2654 1060 2688 alia
1083 2653 1172 2688 bella
1195 2666 1269 2688 cum
1293 2654 1393 2688 Boiis'
1411 2659 1447 2688 et
1468 2653 1579 2687 Gallis
1602 2664 1720 2687 eorum

258 2696 381 2731 vicinis
405 2703 442 2731 et
463 2697 653 2743 Liguribus
678 2699 882 2743 quibusdam
904 2704 1097 2745 gesserunt.
1146 2712 1188 2734 ac
1204 2699 1354 2744 Ligures
1370 2698 1596 2744 Sempronius
1608 2699 1721 2732 Grac-

259 2743 342 2776 chus
364 2742 480 2779 victor
501 2744 649 2780 afflixit.-
675 2744 715 2781 P.
743 2745 903 2781 Valerius
927 2758 947 2782 a
970 2745 1080 2782 Gallis
1104 2746 1278 2792 principio
1302 2751 1499 2792 superatuS,
1521 2755 1594 2779 cum
1619 2744 1720 2779 auxi—
