1820 3120
248 102 347 157 592
722 102 950 148 IOANNIS
980 102 1242 174 ZONQE

248 213 522 271 Οὐαλεριανὸν
556 213 600 256 δὲ
623 211 860 271 οῗκειότερον
882 212 1101 270 ἡγούμενοι
1123 219 1174 272 τῇ
1197 215 1304 273 ἀρχῇ
1328 203 1617 273 οἶα-ιδῆτακαιὶ
1638 221 1720 262 τῶν

244 280 494 367 πραγμάτων
517 280 821 337 ἓπιληψόμενον,
838 281 1119 340 ἀρχικώτερον,
1155 285 1352 328 κτείνουσι
1370 277 1453 328 ’τὸν
1464 285 1719 342 ,Αἲμιλιανόν

245 350 358 394 ου’πω
396 351 598 407 τέσσαρας
630 356 763 406 μῆνας
798 348 1146 407 ἦγεμονεύσαντα,
1192 351 1343 408 ἄγοντα
1377 353 1448 396 δὲ
1455 357 1543 409 τῆς-
1551 351 1720 410 miculas·

243 418 424 462 ἐνιαυτὸν
459 417 806 476 τεσσαρακοστόν·
842 421 907 462 καὶ
935 421 1148 477 προσίασιν
1175 421 1437 481 Οὗαλεριανῷ
1460 423 1539 466 καὶ
1547 420 1721 477 ἆμάχως

244 488 356 546 αὐτῷ
381 487 456 541 τὴν
473 485 683 541 Ῥωμαίων
709 488 839 574 ἀρχὴν
864 489 1136 545 ἐγχειρίζουσι.
1288 519 1289 522 =
1342 519 1355 534 =,
1555 507 1604 534 ψ,-
1623 518 1653 533 μ
1731 502 1754 536 5

189 570 221 605 B
259 602 263 606 ¹
385 558 623 608 Φλαβιανοῦ
661 557 705 598 δὲ
740 557 803 598 ἐπὶ
839 557 1012 609 Δεκίου,
1037 554 1112 606 ὡς
1149 556 1326 613 εἴρηται,
1371 554 1721 614 μαρτυρῆσϊιντος,

243 621 474 680 Κορνήλιος
496 623 569 678 τὴν
591 627 670 679 τῆς
682 622 842 679 Ῥώμης
865 624 1132 680 ποιμαντικὴν
1155 625 1402 679 διεδέξατο,
1417 626 1487 669 καὶ
1507 626 1584 669 ἐπὶ
1591 627 1723 682 ’τρισὶν

244 693 459 749 ἓμπρὲψας
493 691 621 749 ταύτῃ
654 695 849 743 ἐνιαυτοῖς
880 693 953 748 τὴν
986 693 1092 747 ζωὴν
1125 694 1371 750 ἐξεμέτρησε.
1440 691 1724 749 καὶ;ᾼοόκιος

243 761 306 802 ἐπὶ
340 760 409 802 τὸν
440 765 514 815 τῆς
546 759 847 846 ἄηρχιερωσυνης
879 759 1040 817 ἀνήχθη
1074 760 1240 819 θρόνον,
1276 760 1321 816 ὃς
1351 762 1459 805 οὐδ’.
1477 760 1622 829 ογδοον
1654 763 1722 804 ἐκ·

243 826 402 883 πλήσας
426 828 607 872 ἐνιαυτὸν
631 831 672 872 ἐν
695 835 745 886 τῇ
769 835 842 885 τῆς
857 827 1057 885 Ῥώμης’
1040 834 1236 887 επισκοπῇ
1258 834 1436 889 τελευτᾷ.
1467 831 1533 882 και
1558 829 1721 889 Στέφα-
1733 843 1779 889 10

244 914 314 957 νος
348 896 393 940 τὸ
429 914 501 952 της
534 903 799 954 ποιμαντικῆς
834 897 1104 956 λειτούργημα
1128 899 1356 949 &faegeno-
1392 915 1514 965 ουπερ
1538 915 1724 955 τυγχανει

246 964 484 1021 διάταγμα,
542 984 638 1017 τους
679 968 721 1018 ἐξ
762 967 952 1024 αιρὲσεων
1001 968 1314 1025 ἐπιστρέφοντας
1357 967 1636 1028 χριστιανους
1663 964 1722 1023 μὴ

243 1036 464 1088 βαπτιζειν,
493 1034 600 1076 ἄλλα
625 1039 676 1092 τῇ
700 1034 769 1077 διὰ
788 1039 937 1092 χειρῶν
960 1035 1180 1086 ἐπιθέσεως
1203 1035 1301 1092 ευχῇ
1325 1036 1549 1119 καθαιίρειν
1554 1035 1723 1086 αυτους.

246 1120 293 1145 ου
327 1105 394 1144 καὶ
427 1102 616 1158 ἐπιστολὴ
651 1105 742 1160 περὶ
775 1101 920 1146 τούτου
955 1103 1057 1160 πρὸς
1081 1104 1316 1161 Κυπριανὸν
1348 1102 1417 1146 τὸν
1449 1101 1723 1170 ιερομάρτυρα

244 1169 537 1227 ἅναγράφεται.
607 1171 821 1229 Στεφάνου
863 1173 906 1215 δὲ
946 1173 1213 1228 κοιμηθέντος
1251 1172 1354 1227 μετὰ
1390 1160 1463 1215 δυο
1501 1163 1777 1234 ἓνιᾳυτους,15

245 1236 408 1290 Ξύστος
431 1242 487 1289 εις
510 1239 578 1282 τὸν
602 1240 880 1297 ἀρχιερατικὸν
912 1244 984 1295 τῆς
1009 1239 1168 1296 Ῥώμης
1199 1239 1351 1295 θρόνον
1385 1235 1566 1284 ἐκάθισε.
1600 1237 1601 1240 ¹
1631 1238 1721 1284 τότε

195 1319 225 1355 c
249 1309 315 1350 καὶ
348 1306 373 1363 ἦ
408 1308 513 1350 κατὰ
537 1309 761 1362 Σαβέλλιον
792 1310 971 1365 κεκίνητο
997 1312 1149 1368 αι’ρεσις
1174 1309 1215 1352 ἐν
1238 1294 1501 1363 Πτολεμαΐδι·
1514 1314 1588 1365 τῆς
1603 1306 1722 1363 Πεν-

245 1374 464 1426 ταπόλεως.
1412 1412 1414 1417 ,
1620 1428 1624 1431 Ὗ

376 1443 501 1486 Ἀλλὰ
523 1442 574 1485 τὰ
597 1443 670 1497 μὲν
692 1444 794 1487 κατὰ
817 1444 913 1495 τοὺς
936 1449 1008 1500 τῆς
1024 1442 1182 1499 Ῥώμης
1206 1444 1403 1502 ἇρχιερεῖς
1426 1443 1544 1500 ἴσχον
1567 1441 1720 1502 οὕτως·

246 1513 337 1568 (23)
366 1511 639 1570 Οὐαλεριανὸς
671 1513 716 1555 δὲ
748 1514 822 1557 σὺν
845 1515 886 1554 Γ
883 1511 1033 1570 αλιήνῳ
1063 1517 1121 1571 τῷ
1150 1513 1227 1571 υἱῷ
1249 1518 1321 1568 τῆς
1338 1511 1548 1568 Ῥωμαίων
1571 1510 1719 1570 ἦγεμο-
1731 1529 1777 1565 20

245 1582 332 1632 νίας
367 1579 618 1639 δραξάμενος
626 1613 640 1634 ,
676 1583 743 1623 καὶ
771 1576 888 1632 οὗτος
912 1579 1192 1640 σφοδρότατον
1215 1583 1368 1638 ἐκίνησε
1401 1581 1505 1624 κατὰ
1529 1600 1719 1640 χριστια-

336 1745 358 1779 5
375 1740 567 1788 Ῥωμαίων
590 1754 644 1777 om
668 1743 713 1778 A.
853 1745 876 1780 6
902 1743 1096 1790 Φαβιανοιῒ
1119 1744 1307 1779 Eusebius.
1462 1747 1506 1781 11
1529 1756 1722 1790 ποιμαντι-

336 1790 421 1880 ἲῗζῖ
444 1787 644 1881 ἱξίᾮῖἶῇς
665 1789 709 1825 Α.
848 1791 895 1826 20
918 1791 1079 1837 γαληίνῳ
1094 1790 1200 1834 ABG,
1225 1795 1261 1826 et
1283 1791 1321 1825 in
1343 1791 1570 1837 sequentibus
1592 1793 1719 1837 γαληῖ-

387 1928 555 1962 Fomsss.
606 1926 696 1970 Cap.
720 1927 779 1962 23.
829 1927 999 1960 Fortasse
1034 1926 1105 1960 Dio
1142 1927 1386 1963 continuatus.
1434 1927 1577 1963 Eusebii
1599 1927 1721 1963 Histo-

339 1973 414 2007 riae
438 1973 695 2022 ecclesiasticae
718 1973 778 2009 lib.
806 1972 827 2008 7
852 1985 884 2009 c.
909 1973 1071 2009 10—14.

245 2119 465 2154 Valerianum
489 2131 575 2154 vero
600 2120 644 2154 ad
664 2119 897 2165 principatum
921 2119 1100 2164 aptiorem,
1124 2124 1163 2154 ut
1184 2120 1242 2166 qui
1267 2120 1386 2154 maiori
1409 2131 1483 2155 cum
1507 2104 1719 2156 auctoritate

245 2177 301 2200 res
326 2166 633 2201 administraturus
657 2171 770 2210 esset,
805 2165 995 2199 Aemiliano
1027 2165 1176 2200 nondum
1207 2171 1375 2213 quattuor
1403 2177 1537 2201 menses
1570 2166 1718 2212 imperio

243 2211 372 2257 potito,
398 2223 506 2246 annos
531 2223 616 2246 vero
628 2211 871 2265 quadraginta
887 2217 981 2255 nato,
1004 2211 1204 2266 interfecto,
1227 2213 1270 2246 ad
1286 2212 1505 2249 Valerianum
1519 2216 1718 2256 transeunt,

244 2258 347 2303 eique
372 2258 461 2292 citra
485 2257 740 2292 dimicationem
765 2258 994 2291 Romanorum
1018 2257 1198 2302 imperium
1218 2258 1374 2302 tradunt.

381 2304 554 2338 Flaviano
590 2305 653 2338 sub
685 2303 796 2337 Decio
831 2303 992 2347 martyrii
1024 2315 1152 2337 corona
1183 2309 1305 2339 ornato
1335 2304 1519 2339 Cornelius
1541 2304 1716 2339 Romanus

243 2353 366 2394 pastor
392 2350 518 2392 factus,
543 2360 684 2383 munere
708 2360 770 2382 suo
793 2361 858 2394 per
880 2348 1068 2383 triennium
1090 2349 1270 2394 praeclare
1291 2349 1387 2384 obito
1411 2350 1576 2384 decessit.
1606 2349 1717 2384 Lucio

243 2395 280 2428 in
312 2395 539 2440 pontificatus
571 2395 692 2429 solium
725 2401 850 2429 evecto
883 2400 919 2429 et
951 2399 1035 2429 ante
1067 2395 1240 2440 expletum
1271 2395 1307 2430 in
1340 2407 1382 2430 eo
1406 2401 1569 2430 octavum
1593 2407 1717 2430 annum

244 2445 380 2475 mortuo
401 2442 605 2496 Stephanus
629 2444 683 2474 est
712 2445 930 2485 surrogatus.
978 2440 1079 2475 huius
1115 2441 1247 2475 sanctio
1281 2445 1338 2476 est
1367 2453 1412 2475 ne
1443 2441 1637 2477 Christiani
1670 2442 1715 2476 ab

243 2487 429 2521 haereticis
464 2487 508 2521 ad
542 2486 718 2521 ecclesiam
747 2491 967 2520 revertentes
991 2488 1291 2531 rebaptissentur,
1323 2487 1385 2522 sed
1418 2488 1623 2532 precatione
1651 2499 1716 2533 per

243 2543 403 2567 manuum
425 2532 679 2579 impositionem
703 2533 914 2567 lustrentur·
949 2544 1060 2577 eaque
1093 2533 1135 2567 de
1158 2545 1197 2567 re
1219 2533 1368 2578 epistola
1393 2534 1468 2569 eius
1496 2533 1540 2567 ad
1565 2533 1717 2578 Cypria-

246 2589 325 2612 num
355 2584 543 2622 martyrem
577 2581 705 2614 exstat.
755 2590 830 2612 cum
866 2579 1064 2624 Stephanus
1098 2583 1179 2623 post
1210 2578 1298 2612 duos
1329 2590 1436 2613 annos
1471 2579 1715 2621 obdormisset,

246 2624 304 2668 Xy
308 2627 383 2657 stus
414 2624 450 2658 in
480 2625 663 2669 pontificio
687 2624 821 2659 Romae
851 2624 938 2658 solio
971 2625 1138 2658 consedit.
1184 2628 1255 2658 tum
1280 2624 1384 2659 etiam
1407 2625 1623 2664 Sabelliaua
1631 2625 1716 2659 hae-

244 2669 335 2704 resis
358 2670 572 2705 Ptolemaide
595 2671 830 2714 Pentapoleos
853 2671 940 2704 urbe
964 2675 1056 2704 mota
1079 2675 1142 2703 est.

383 2716 500 2761 Atque
528 2716 615 2750 haec
638 2716 682 2749 de
707 2716 872 2750 Romanis
896 2715 1138 2769 pontificibus·
1164 2715 1244 2758 (23)
1270 2715 1479 2750 Valerianus
1503 2720 1616 2750 autem
1639 2727 1714 2750 cum

247 2759 406 2795 Gallieno
439 2762 508 2796 filio
534 2773 649 2796 rerum
669 2762 803 2807 potitus
828 2766 865 2796 et
887 2762 963 2807 ipse
987 2760 1206 2796 Christianos
1232 2761 1530 2797 vehementissime
1552 2772 1715 2807 persecu-
