1820 3120
273 94 368 142 156
741 100 966 145 IOANNIS
996 95 1253 147 ZONARAE

267 211 340 263 μὲν
370 206 493 263 μόνος
522 212 730 268 πείσομαι,
765 213 814 256 ἂν
845 215 889 257 ‹5'
916 213 1138 274 ἐπιορκήσω
1147 248 1160 268 ,
1198 220 1309 260 πᾶσα
1340 217 1366 273 ἦ
1396 217 1510 273 πόλις
1540 221 1720 280 ἀναπλη-

268 276 511 331 σθήσεται.”
1634 314 1638 317 -

391 343 455 386 ‘H
471 348 658 404 γερουσία
680 350 726 391 δὲ
748 355 818 405 τῆς
840 351 986 394 ἐκείνου
1011 353 1210 407 σωτηρίας
1232 351 1357 395 ἕνεκεν
1380 356 1450 396 καῖ
1467 355 1720 415 τῆν’·εῖρήνην

266 409 515 467 ποιήσασθαι
536 418 602 457 καὶ
623 416 716 466 τοὺς
733 418 1014 472 αἰχμαλώτους
1031 419 1260 462 ἀντιδοῦναι
1278 420 1572 479 προτεθῦμητο.
1589 427 1719 486 γνοὺς

266 475 337 522 οὖν
360 486 476 525 τοῦτο
501 483 645 535 αὐτός,
688 486 755 527 ἵνα
786 487 844 541 μὴ
867 487 912 529 τὸ
937 488 1145 544 συμφέρον
1169 488 1228 530 δι’
1256 489 1378 531 αὐτὸν
1401 482 1752 550 καταπρόῶνται,5

265 546 465 592 ἐπλάσατο
498 552 717 594 πεπωκέναι
751 553 967 610 φάρμακον
999 553 1253 612 δηλητήριον,
1297 559 1364 599 καὶ
1385 559 1541 612 μέλλειν
1563 549 1720 613 viditate,-

213 623 243 657 Β
267 616 326 658 δι’
361 617 485 660 αὐτοῦ
519 620 757 662 ἀπολέσθαι.
825 624 892 663 καὶ
926 621 1016 664 οὔτε
1046 621 1072 677 ἦ
1104 621 1306 677 σύμβασις
1335 626 1490 682 γέγονεν
1519 626 1719 672 οὕτε’·τῶν

265 685 530 738 αἰχμαλώτων
551 685 577 741 ἡ
602 686 766 742 ἀμοιβή.
835 687 1020 740 ἀπιόντος
1053 690 1095 732 δ’
1132 692 1257 733 αὐτοῦ
1288 692 1362 735 σὺν
1394 701 1479 745 τοῖς
1509 686 1720 752 πρέσβεσιν

267 752 532 806 ἀντελάβοντο
567 753 681 796 ἄλλοι
711 773 755 798 τε
787 758 854 798 καὶ
888 758 926 800 οἳ
955 760 1097 808 παῖδες
1126 761 1191 801 καὶ
1222 758 1248 814 ἦ
1281 758 1401 815 γυνή·
1445 763 1485 805 οἱ
1506 764 1550 806 ‹5’
1574 762 1720 807 ὕπατοι

264 819 364 874 μήτ’
390 822 582 864 ἐθέλοντα
604 830 837 876 καταμεῖναι
861 825 982 868 αὐτὸν
1005 825 1191 870 ἐκδώσειν
1213 827 1380 885 ἔφασαν,
1413 829 1517 886 μήτ’
1550 830 1718 876 ἀπιόντα
1730 839 1773 876 10

265 895 488 942 κατασχεῖν.
557 892 622 931 καὶ
660 890 765 933 οὕτω
799 892 1050 948 προτιμήσας
1083 894 1141 949 μὴ
1178 901 1410 954 παραβῆναι
1445 898 1539 949 τοὺς
1575 899 1721 958 ὅρκους

265 955 525 1011 ἀνεκομίσθη.
595 959 661 999 καὶ
686 961 882 1010 αῗκισθεὶς
903 958 977 1003 ὑπ’
1007 960 1150 1013 αὐτῶν,
1187 961 1242 1013 ὥς
1263 962 1288 1018 ἦ
1312 963 1428 1021 φήμη
1453 967 1578 1022 λέγει,
1621 967 1720 1011 circ&-

263 1027 379 1065 θανε.
448 1024 498 1066 τὰ
521 1024 598 1081 γὰρ
621 1027 810 1084 βλέφαρα
833 1028 959 1071 αὐτοῦ
981 1029 1274 1086 περιτεμόντες,
1309 1034 1376 1074 καὶ
1397 1032 1544 1090 χρόνον
1566 1035 1656 1079 τινὰ
1679 1037 1720 1078 ἓν

263 1089 393 1133 σκότει
417 1094 719 1149 καθείρξαντες,
756 1094 839 1138 εἶτα
874 1099 929 1147 εἷς
963 1097 1102 1148 σκεῦός
1129 1117 1167 1141 τι
1199 1098 1430 1155 σύμπηκτον
1453 1101 1596 1160 κέντρα
1617 1121 1720 1149 ποιν-

263 1157 438 1212 ταχόθεν
472 1159 560 1215 ἔχον
591 1161 830 1215 ἐμβαλόντες
859 1164 980 1207 αὐτὸν
1009 1167 1076 1207 καὶ
1107 1166 1327 1223 τρέψαντες
1357 1169 1459 1226 πρὸς
1487 1170 1558 1213 τὸν
1589 1162 1714 1227 ἥλιον,
1728 1180 1771 1215 15

265 1226 391 1277 οὕτως
412 1226 490 1270 ὑπὸ
513 1232 787 1281 κακοπαθείας
810 1234 875 1274 καὶ
901 1233 1120 1289 ἀγρυπνίας
1139 1235 1197 1288 μὴ
1218 1235 1442 1290 δυνάμενόν
1457 1255 1512 1294 πη
1529 1242 1720 1293 κλιθῆναι

210 1302 240 1336 C
265 1293 332 1336 διὰ
353 1295 405 1338 τοὶ
427 1297 592 1354 κέντρα,
625 1299 874 1356 διέφθειραν.
921 1301 948 1342 ἃ
970 1299 1194 1356 πυθόμενοι
1217 1304 1255 1345 οἶ
1271 1302 1468 1358 εΡωμαῖοι
1489 1305 1584 1357 τοὺς
1604 1306 1718 1364 πρώ-

261 1380 356 1413 τους
389 1368 468 1406 τῶν
500 1365 600 1421 παρ’
635 1366 771 1417 αὐτοῖς
795 1367 1057 1422 αἰχμαλώτων
1079 1371 1307 1427 παρέδοσαν
1328 1379 1412 1423 τοῖς
1434 1374 1581 1417 ἐκείνου
1605 1377 1718 1419 παισὶ

260 1433 325 1472 καὶ
351 1432 661 1476 ἀνταικίσασθαι
684 1436 751 1476 καὶ
774 1435 1085 1479 ἀνταποκτεῖναι.

400 1500 510 1550 Τοὺς
533 1502 574 1542 δ’
592 1500 770 1553 ὑπάτους
787 1505 827 1553 ἒς
843 1504 915 1557 τὴν
932 1504 1100 1559 Λιβύην
1118 1503 1445 1561 στρατεύσασθαι
1463 1508 1714 1566 ἐψηφίσαντο
1724 1521 1772 1556 20

261 1564 330 1608 τόν
360 1585 402 1610 τε
426 1566 550 1610 Γάϊον
577 1569 752 1613 Ἀτίλιον,
766 1571 835 1614 τὸν
860 1577 934 1614 τοῦ
959 1571 1183 1629 εΡηγούλου
1207 1574 1385 1632 ἀδελφὸν
1408 1578 1473 1618 καὶ
1494 1576 1564 1619 τὸν
1586 1575 1715 1620 Μάλ-

262 1637 347 1678 λιον
369 1636 437 1678 τὸν
459 1636 655 1681 Λούκιον.
725 1638 771 1680 οἳ
796 1640 836 1690 ἔς
868 1641 939 1695 τὴν
974 1643 1157 1683 Σικελίαν
1189 1640 1377 1692 ἐλθόντες
1407 1649 1465 1702 τῷ
1497 1646 1716 1703 Λιλυβαίῳ

353 1788 375 1824 7
397 1785 470 1827 δι’]
494 1785 563 1822 ὑπ’
584 1790 656 1826 ΑΒ.
796 1791 839 1825 21
866 1788 1006 1828 οἶτίλιον
1029 1793 1072 1836 C,
1095 1793 1262 1828 Αττίλιον
1285 1794 1375 1839 PW,
1397 1793 1464 1831 τὸν
1486 1792 1649 1832 attalam·
1670 1797 1714 1843 A,

349 1831 415 1870 τὸν
441 1833 594 1879 α’τήλιον
614 1836 655 1870 Β.

259 1974 402 2005 servata
423 1971 493 2005 fide
515 1971 609 2005 solus
633 1982 825 2006 aerumnam
848 1983 1015 2018 passurus
1038 1977 1151 2018 esset,
1178 1974 1319 2020 violata,
1346 1979 1423 2010 tota
1445 1977 1572 2012 civitas
1594 1978 1710 2023 periu-

257 2017 304 2050 rii
325 2016 468 2050 crimine
492 2017 783 2062 obstringeretur.

392 2084 525 2119 Senatu
555 2088 668 2119 autem
698 2087 821 2120 salutis
851 2085 942 2120 illius
976 2097 1083 2121 causa
1112 2089 1185 2121 tum
1218 2087 1260 2121 ad
1283 2099 1402 2133 pacem
1423 2089 1615 2124 faciendam
1637 2092 1710 2126 tum

255 2130 299 2163 ad
322 2132 568 2175 permutandos
592 2131 750 2176 captivos
775 2137 910 2177 parato,
938 2143 982 2165 ne
1006 2144 1026 2166 a
1049 2133 1185 2167 ratione
1207 2133 1370 2169 utilitatis
1391 2145 1455 2168 sua
1478 2146 1582 2179 causa
1605 2136 1712 2170 dece-

254 2175 396 2218 derent,
421 2187 589 2210 venenum
614 2178 681 2211 sibi
703 2178 818 2211 datum
843 2188 921 2211 esse
943 2178 1062 2221 finxit,
1086 2189 1130 2211 ex
1153 2190 1220 2223 quo
1245 2180 1381 2214 omnino
1404 2181 1579 2226 periturus
1601 2187 1710 2216 esset.

254 2221 305 2254 ita
328 2232 440 2266 neque
463 2233 549 2267 pace
570 2233 680 2267 neque
702 2224 919 2267 captivorum
941 2224 1191 2268 permutatione
1214 2226 1319 2269 facta,
1343 2236 1418 2260 cum
1435 2237 1512 2260 eum
1526 2237 1601 2261 cum
1616 2227 1710 2272 lega-

254 2267 302 2300 tis
331 2268 513 2302 abeuntem
543 2273 684 2312 praeter
718 2269 806 2302 alios
836 2280 924 2303 uxor
958 2273 994 2303 et
1027 2269 1126 2303 liberi
1156 2270 1367 2314 retinerent,
1404 2272 1564 2306 consules
1595 2283 1710 2317 neque

253 2323 392 2346 manere
408 2312 578 2347 volentem
596 2314 773 2348 dedituros
788 2326 900 2359 neque
918 2314 1086 2349 abiturum
1103 2315 1304 2350 detenturos
1321 2327 1398 2350 esse
1413 2316 1582 2357 dicerent,
1604 2317 1710 2352 iuris-

252 2358 389 2392 iurandi
418 2359 589 2403 religione
623 2361 771 2403 privatis
802 2360 986 2395 affectibus
1009 2361 1206 2407 anteposita
1229 2361 1401 2396 discessit.
1449 2366 1487 2396 et
1513 2374 1535 2397 a
1556 2363 1710 2397 Cartha-

250 2404 464 2447 giniensibus
489 2404 725 2448 excruciatus‚
761 2411 801 2440 ut
824 2407 915 2440 fama
939 2410 1011 2450 est,
1045 2406 1192 2440 interiit.
1241 2418 1317 2441 nam
1340 2408 1516 2453 palpebris
1538 2409 1709 2454 praecisis

251 2461 328 2483 eum
354 2449 563 2495 aliquamdiu
585 2451 622 2484 in
643 2451 796 2485 tenebris
821 2452 1084 2494 concluserunt,
1110 2452 1234 2486 deinde
1259 2452 1295 2486 in
1318 2465 1382 2488 vas
1407 2454 1576 2499 quoddam
1597 2455 1709 2488 refer—

251 2499 324 2528 tum
344 2496 490 2530 stimulis
513 2496 704 2530 coniectum
729 2501 765 2530 et
787 2498 830 2531 ad
852 2498 958 2532 solem
979 2508 1182 2532 conversum
1205 2498 1382 2533 doloribus
1406 2504 1443 2533 et
1465 2499 1606 2544 vigiliis,
1630 2510 1707 2534 cum

253 2551 421 2585 nusquam
444 2541 609 2576 inclinare
632 2553 670 2575 se
695 2548 832 2588 posset,
868 2547 1095 2588 peremerunt.
1144 2543 1268 2588 quibus
1290 2544 1436 2579 Romani
1458 2545 1587 2579 auditis
1610 2545 1707 2590 prin-

254 2585 349 2665 gipes
382 2589 600 2632 captivorum
631 2588 705 2622 eius
738 2589 854 2623 liberis
877 2589 1028 2624 vicissim
1051 2592 1089 2623 et
1111 2589 1358 2624 excruciandos
1382 2594 1418 2624 et
1439 2590 1611 2625 necandos
1633 2595 1706 2625 tra-

278 2632 427 2666 iderunt.

390 2700 598 2735 Consulibus
622 2700 664 2736 C.
686 2700 813 2746 Atilio,
845 2701 969 2746 Reguli
993 2700 1117 2743 fratri,
1146 2706 1182 2735 et
1204 2702 1244 2737 L.
1271 2702 1400 2736 Manlio
1423 2701 1547 2737 bellum
1569 2702 1706 2736 Africa—

255 2755 332 2778 num
354 2744 596 2781 decreverunt.
645 2747 704 2792 qui
725 2758 799 2781 cum
822 2746 858 2781 in
881 2747 998 2782 Sicilia
1021 2746 1221 2791 Lilybaeum
1245 2752 1503 2793 oppugnarent,
1528 2752 1563 2782 et
1586 2749 1706 2783 fossae
