1820 3120
271 83 372 130 326
751 80 980 125 IOANNIS
1009 80 1270 125 ZONARAE

271 192 520 249 πελαζούσης
543 193 587 236 δὲ
608 198 680 248 τῆς
703 191 871 244 ἁλιάδος
890 196 1101 248 μετελθεῖν
1124 194 1180 244 εἷς
1198 192 1324 248 αὐτὴν
1345 193 1482 249 ἠξίουν
1505 194 1627 240 αὗτὸν
1644 194 1740 240 Ἕλ-

271 265 425 318 ληνιστὶ
458 259 761 315 ἀσπασάμενοι,
802 262 964 317 τέναγος
999 261 1179 317 λέγοντες
1213 259 1313 304 εἷναι
1346 259 1470 315 πολύ,
1503 265 1573 308 καὶ
1601 262 1740 319 βάθος

268 332 342 374 οὐκ
374 331 476 386 ἔχειν
507 329 602 374 οὐδὲ
624 329 806 385 πλώϊμον
829 327 926 373 εἶναι
949 327 1103 386 τριήρει
1125 328 1198 383 τὴν
1219 327 1453 382 θάλασσαν,
1484 328 1741 389 ῧπόψαμμον

269 394 409 443 οὖσαν.
477 397 762 453 ἀσπασάμενος
792 393 863 440 οὖν
894 397 967 452 τὴν
991 398 1221 454 Κορνηλίαν
1243 402 1642 456 προαποθρηνοῦσαν
1664 402 1741 445 αὖ..

269 472 342 510 τοῦ
365 466 410 510 τὸ
434 468 568 519 τέλος,
604 469 671 510 καὶ
701 465 774 509 δύο
803 464 1121 522 ἑκατοντάρχους
1143 470 1423 523 προσεμβῆναι
1455 460 1645 520 κελεύσας
1673 471 1775 515 καὶὸ

268 539 349 578 τῶν
380 535 664 592 ἀπελευθέρων
696 535 765 577 ἕνα
798 536 999 576 Φίλιππον
1031 535 1098 576 καὶ
1130 531 1366 591 θεράποντα
1396 533 1566 591 Σκύθην
1598 535 1742 592 ὄνομα,

218 609 248 643 Β
274 605 469 661 στραφεὶς
490 604 592 660 πρὸς
614 603 687 658 τὴν
709 609 880 658 γυναῖκα
902 605 969 644 καὶ
992 601 1061 644 τὸν
1083 602 1170 644 υἱὸν
1194 601 1275 644 εἶπε
1298 603 1556 660 Σοφοκλέους
1577 607 1744 660 ἰαμβεῖα

490 672 603 721 ὅστις
626 672 671 713 δὲ
693 671 795 728 πρὸς
816 668 1013 728 τύραννον
1035 669 1296 727 ἐμπορεύεται

488 740 618 782 κείνου
638 739 719 782 ’στὶ
743 741 890 789 δοῦλος
911 737 986 789 κᾶν
1008 737 1223 796 ἐλεύθερος
1243 737 1365 796 μόλῃ.

269 813 399 851 ταῦτα
432 805 712 865 φθεγξάμενος
743 807 872 862 ἐνέβη.
940 808 1007 848 καὶ
1040 811 1190 861 συχνοῦ
1226 805 1501 862 διαστήματος
1533 805 1649 858 ὄντος
1678 808 1742 851 ἐπὶ
1754 819 1800 855 10

268 877 343 931 τὴν
372 880 462 932 γῆν,
504 873 526 918 ὅ
556 874 776 930 Πομπήϊος
809 874 910 930 ἔχων
941 875 983 916 ἐν
1011 876 1159 932 βιβλίῳ
1189 879 1323 933 μικρῷ
1355 873 1475 933 λόγον
1503 873 1581 919 ὕπ’
1617 877 1744 920 αὐτοῦ

268 944 541 1000 γεγραμμένον
570 941 825 998 Ἑλληνικόν,
871 937 907 1002 ᾧ
939 942 1239 1000 παρεσκεύαστο
1265 941 1509 1001 χρήσασθαι
1542 943 1645 1001 πρὸς
1674 945 1745 989 τὸν

270 1015 544 1066 Πτολεμαῖον,
585 1013 855 1068 ἀνεγίνωσκεν.
924 1009 980 1061 ὥς
1017 1012 1061 1055 δὲ
1092 1015 1143 1068 τῇ
1173 1015 1225 1068 γῇ
1255 1012 1570 1069 προσεπέλαζον,
1611 1009 1639 1068 ἦ
1670 1014 1745 1068 μὲν

270 1082 480 1136 Κορνηλία
512 1080 616 1138 μετὰ
648 1085 728 1122 τῶν
760 1081 889 1137 φίλων
921 1081 964 1122 ἐκ
996 1083 1071 1134 τῆς
1100 1077 1291 1137 τριήρους
1318 1079 1550 1137 περιπαθὴς
1571 1074 1676 1124 οὖσα
1697 1081 1744 1125 τὸ

269 1149 415 1203 μέλλον
439 1147 674 1200 ἀπεσκόπει,
708 1149 749 1190 ἓν
772 1146 902 1205 τούτῳ
926 1148 970 1190 δὲ
991 1147 1061 1190 τὸν
1082 1146 1314 1202 Πομπήϊον,
1344 1153 1419 1203 τῆς
1439 1153 1512 1193 τοῦ
1538 1150 1742 1194 Φιλίππου
1755 1160 1800 1197 15

217 1222 249 1257 C
274 1215 583 1272 λαμβανόμενον
601 1216 738 1274 χειρὸς
760 1214 815 1267 ὥς
837 1217 1101 1270 ἐξανασταίη,
1128 1217 1344 1270 Σεπτίμιος
1365 1215 1535 1260 ὄπισθεν
1557 1221 1616 1276 τῷ
1639 1219 1746 1275 ξίφει

271 1283 466 1328 διελαύνει
484 1289 667 1342 πρῶτος,
692 1282 775 1327 εἶτα
794 1286 860 1327 καὶ
874 1284 1061 1338 Ἀχιλλᾶς
1076 1286 1143 1326 καὶ
1161 1284 1300 1340 ἕτεροι.
1335 1282 1356 1328 ὅ
1378 1285 1421 1327 δὲ
1439 1290 1529 1335 ταῖς
1538 1287 1655 1342 χερσὶ
1673 1286 1746 1341 τὴν

270 1351 460 1408 τήβεννον
494 1352 816 1410 ἐφελκυσάμενος
848 1352 952 1395 κατὰ
987 1357 1059 1395 τοῦ
1091 1351 1334 1409 προσώπου,
1380 1351 1506 1408 μόνον
1539 1346 1745 1406 στενάξας,

269 1423 395 1476 μηδὲν
420 1422 464 1463 δ’
491 1421 613 1472 εἰπών
634 1419 797 1471 ἀνάξιον
820 1418 966 1463 ἑαυτοῦ
977 1451 990 1471 ,
1022 1421 1304 1477 ἐνεκαρτέρησε
1327 1427 1416 1472 ταῖς
1438 1424 1628 1477 πληγαῖς,
1651 1420 1746 1478 ἑξή-

269 1506 392 1533 κοντα
416 1488 503 1540 ἑνὸς
526 1489 666 1532 δέοντα
687 1489 896 1543 βεβιωκὼς
919 1488 1000 1543 ἔτη.
1753 1501 1820 1536 2οέ

366 1621 385 1654 1
420 1615 472 1656 εἰς
504 1613 623 1662 αὐτὴν
655 1615 786 1662 ἠξίουν
820 1613 938 1652 αὐτόν
968 1617 1052 1660 AB,
1090 1613 1223 1660 ἠξίουν
1264 1611 1380 1652 αὐτὸν
1411 1613 1466 1656 εἰς
1499 1613 1618 1662 αὐτὴν
1652 1618 1746 1653 PW.

363 1666 387 1700 3
408 1660 569 1706 πλόϊμον
594 1662 636 1696 Α.
729 1664 751 1696 5
775 1661 839 1697 καὶ
861 1662 935 1697 τῶν
957 1663 988 1697 Α
1004 1662 1221 1706 Plutarchus,
1243 1662 1319 1696 τῶν
1341 1673 1380 1696 τε
1403 1662 1495 1697 PW.
1603 1663 1626 1700 6
1650 1661 1746 1698 Σκύ-

364 1710 458 1753 θην]
484 1705 636 1752 Σκήνην
659 1708 863 1743 Plutarchus
887 1710 1005 1754 vulgo.
1143 1707 1164 1742 7
1182 1704 1435 1752 Σοφοκλέους]
1457 1708 1585 1743 incerti
1607 1709 1746 1744 drama·-

364 1755 429 1788 tis:
465 1753 645 1789 Plutarchi
668 1755 752 1788 Pom
781 1779 790 1789 .
822 1766 853 1790 c.
878 1754 924 1790 78
957 1760 994 1789 et
1017 1754 1143 1788 Moral.
1176 1753 1274 1798 (πῶς
1295 1752 1359 1787 δεῖ
1375 1752 1442 1788 τὸν
1466 1751 1552 1789 νέον
1573 1765 1609 1792 κ.
1634 1766 1668 1788 τ.
1693 1755 1748 1800 λ.)

368 1815 402 1847 p.
428 1800 473 1835 33
497 1801 534 1834 d.
697 1800 721 1836 8
771 1796 801 1845 ὲ]
826 1797 875 1844 δὴ
900 1800 942 1835 C.
1104 1798 1127 1833 9
1148 1800 1244 1845 μολῇ
1269 1800 1306 1841 Ρ,
1333 1810 1387 1834 om
1409 1800 1468 1838 W.
1621 1801 1666 1835 10
1686 1796 1749 1835 ὄν-

367 1857 431 1886 τος
462 1857 515 1879 om
547 1846 590 1879 C.
732 1846 775 1881 14
800 1841 862 1889 ἐκ]
897 1844 961 1880 καὶ
984 1846 1028 1881 Α.
1169 1845 1211 1880 15
1245 1841 1490 1880 ἀπεσκοπεῖτο
1524 1846 1746 1882 Plutarchus.

366 1890 548 1932 φιλίππου
562 1890 624 1924 ΑΒ
642 1890 860 1933 Plutarchus,
883 1891 996 1935 φίλου
1014 1892 1056 1933 C,
1084 1890 1198 1934 φίλου
1223 1889 1407 1925 Φιλίππου
1431 1891 1522 1926 PW.
1599 1893 1646 1928 16
1660 1893 1749 1937 λαμ-

369 1935 577 1983 βανόμενον
601 1936 631 1970 Α
648 1936 874 1982 Plutarchus,
899 1935 1107 1983 λαβόμενον
1128 1936 1219 1972 PW.
1313 1935 1356 1971 17
1380 1932 1449 1972 τᾶν
1470 1934 1651 1983 τήβεννον
1674 1938 1718 1972 C.

275 2051 401 2095 cymba
423 2054 633 2093 accesserat,
657 2049 719 2094 qui
743 2061 785 2084 ea
807 2049 1038 2093 vehebantur,
1062 2059 1141 2083 eum
1163 2048 1358 2083 salutarunt
1379 2060 1516 2093 graece,
1541 2049 1633 2084 etin
1648 2050 1750 2085 navi·
1813 2072 1820 2080 -

275 2097 394 2140 culam*
410 2095 643 2130 conscendere
665 2095 862 2130 iusserunt:
895 2106 986 2130 mare
1010 2094 1100 2129 enim
1125 2094 1289 2128 vadosum
1312 2098 1349 2128 et
1370 2106 1555 2129 arenosum
1575 2095 1750 2131 triremem

277 2154 345 2176 non
376 2153 514 2186 capere.
562 2141 712 2176 salutata
735 2141 846 2186 igitur
871 2140 1036 2175 Cornelia
1060 2151 1168 2174 uxore
1191 2140 1259 2174 iam
1283 2141 1358 2174 eius
1382 2140 1526 2174 exitium
1551 2141 1748 2186 plangente,

277 2193 314 2222 et
337 2188 474 2222 duobus
497 2187 760 2221 centurionibus
785 2199 826 2221 ac
846 2187 975 2221 liberto
992 2186 1151 2230 Philippo
1175 2197 1348 2231 servoque
1371 2186 1428 2219 cui
1445 2187 1604 2231 Scythae
1625 2199 1750 2222 nomen

277 2237 356 2267 erat
378 2245 447 2278 una
470 2232 706 2267 conscendere
728 2233 832 2267 iussis
846 2259 856 2278 ,
883 2233 927 2266 ad
951 2243 1094 2266 uxorem
1121 2237 1158 2266 et
1181 2231 1287 2265 filium
1309 2243 1496 2266 conversus
1518 2232 1590 2268 iuis
1612 2233 1749 2279 Sopho-

277 2278 340 2313 clis
364 2279 524 2313 versibus
547 2278 705 2312 recitatis

496 2323 640 2367 tyranni
662 2323 698 2357 in
722 2324 828 2358 aedes
850 2323 1009 2368 quisquis
1033 2322 1150 2356 intulit
1172 2321 1293 2367 pedem

498 2370 540 2403 fit
560 2380 685 2404 servus
706 2369 777 2412 illi,
802 2370 892 2403 liber
915 2370 985 2403 etsi
1007 2368 1144 2402 venerit

279 2416 437 2459 cymbam
459 2415 633 2460 ingressus
660 2420 725 2452 est.
772 2420 808 2449 et
830 2426 906 2448 cum
930 2427 951 2449 a
973 2419 1068 2448 terra
1090 2413 1191 2456 longe
1214 2412 1328 2447 adhuc
1358 2414 1522 2456 abesset,
1556 2412 1750 2447 orationem

279 2472 384 2505 quam
406 2461 441 2495 in
463 2473 576 2506 parvo
606 2460 722 2495 libello
744 2472 872 2505 graece
895 2460 1106 2505 scripserat,
1141 2464 1180 2492 ut
1209 2469 1283 2492 eam
1317 2459 1410 2504 apud
1441 2470 1559 2503 regem
1589 2458 1748 2501 haberet,

280 2507 379 2550 legit.
429 2512 468 2541 ut
491 2508 535 2542 ad
557 2511 683 2541 terram
708 2506 938 2552 appulerant,
974 2503 1138 2539 Cornelia
1163 2508 1200 2537 et
1222 2504 1323 2538 amici
1347 2517 1367 2538 e
1391 2504 1525 2539 triremi
1547 2503 1630 2549 quid
1654 2505 1750 2537 futu-

280 2563 355 2586 rum
381 2557 475 2587 esset
497 2552 638 2587 solliciti
662 2553 944 2597 speculabantur.
967 2551 1103 2584 interea
1125 2550 1335 2594 Pompeium,
1359 2550 1421 2594 qui
1442 2549 1595 2603 Philippi
1614 2560 1748 2583 manum
1800 2562 1804 2566 ·

281 2598 516 2641 prehenderat
532 2603 570 2633 ut
584 2603 759 2642 surgeret,
783 2598 974 2642 Septimius
1000 2595 1127 2641 primus
1150 2607 1172 2629 a
1194 2602 1294 2641 tergo
1319 2595 1464 2639 traiicit,
1487 2595 1615 2630 demde
1632 2594 1750 2629 Achil-

282 2643 333 2676 las
358 2648 395 2677 et
413 2644 554 2680 caeteri.
601 2649 639 2677 at
661 2643 717 2677 ille
741 2648 827 2688 toga
851 2643 943 2678 facie
964 2641 1115 2677 obducta
1138 2644 1273 2676 tantum
1296 2641 1486 2686 ingemuit,
1515 2651 1629 2685 neque
1651 2640 1752 2684 quic-

282 2699 384 2769 ἔσοιο
410 2701 448 2723 se
475 2689 653 2734 indignum
677 2690 815 2724 locutus
842 2701 885 2723 ex
910 2687 1110 2724 vulneribus
1131 2693 1287 2723 mortuus
1311 2694 1387 2732 est,
1423 2699 1512 2723 anuo
1535 2685 1662 2723 aetatis
1686 2696 1751 2720 un-

308 2744 554 2780 esexagefflmO.
