1820 3120
284 78 385 126 322
755 81 984 127 IOANNIS
1004 83 1278 129 tzoNARAE

281 187 409 247 ἦλθεν
432 189 668 235 ἀποθανεῖν.
738 193 925 252 φεύγοντι
946 196 1024 253 γὰρ
1050 198 1166 255 ἀνδρὶ
1189 198 1351 258 μεγάλῳ
1375 201 1441 242 καὶ
1463 198 1659 260 ῥωμαλέῳ
1680 199 1754 256 τὴν

276 266 396 317 χεῖρα
424 260 628 314 ἐπιβαλὼν
659 262 791 315 μένειν
821 264 973 307 ἐκέλευε
1003 268 1070 307 καὶ
1096 267 1347 323 στρέφεσθαι
1377 267 1481 324 πρὸς
1501 268 1607 320 ’τοὺς
1633 272 1753 311 πολε-

281 328 423 381 μίους·
469 325 490 368 ὃ
526 328 570 370 δὲ
590 330 739 383 μεστὸς
761 330 818 374 ὢν
839 337 1021 389 ταραχῆς
1044 334 1165 390 ἐπῆρε
1188 334 1262 388 τὴν
1283 332 1492 392 μάχαιραν
1514 334 1571 387 ὥς
1591 335 1753 392 πλήξων

281 393 419 446 αὐτόν,
466 397 532 437 καὶ
565 395 730 452 ἴπληξεν
761 399 824 451 ἄν,
868 402 903 442 εἲ
931 400 990 455 μὴ
1024 400 1045 443 ὃ
1079 406 1153 445 τοῦ
1183 404 1395 459 Καίσαρος
1425 401 1654 460 ὗπαπιστὴς
1683 403 1754 447 τὸν

280 457 395 517 ὦμον
418 463 567 506 ἐκείνου
591 465 764 523 φθάσας
786 468 1004 523 ἀπέκοψεν.
1073 456 1178 513 οὕτω
1214 471 1258 513 δ’
1296 471 1452 528 ἀπέγνω
1474 469 1563 515 τότε
1587 468 1751 530 Καῖσαρ
1765 480 1787 516 5

279 531 333 573 τὰ
357 531 461 574 καθ’
488 530 645 586 ἔαυτόν,
688 533 790 578 ὥστε
813 540 885 578 τοῦ
907 539 1130 592 Πομπηΐου
1155 538 1258 597 ἔργῳ
1280 538 1442 598 μεγάλῳ
1465 539 1524 595 μὴ
1546 539 1755 591 ἐπιθέντος

280 599 416 651 τέλος,
464 599 569 642 ἀλλὰ
602 604 892 660 καθείρξαντος
924 605 1019 655 τοὺς
1053 603 1275 664 φεύγοντας
1307 610 1364 659 εἲς
1391 607 1462 652 τὸν
1485 604 1652 666 χάρακα
1685 610 1753 651 καὶ

282 665 622 724 ἀναχωρήσαντος
629 703 642 722 ,
688 669 793 714 εἶπεν
824 670 845 714 ὅ
880 674 1044 730 Καῖσαρ
1079 673 1287 732 “σήμερον
1326 674 1352 731 η
1389 677 1478 732 νίκη
1518 674 1632 735 παρὰ
1670 682 1754 727 τοῖς
1818 695 1820 746 1

96 747 125 781 P
150 747 164 780 l
189 743 257 779 485
282 737 487 790 πολεμιόις
509 738 659 792 ἐγένετο
683 739 746 791 ι’λν,
780 742 816 782 εἲ
838 741 908 783 τὸν
930 746 1103 785 νικῶντα
1126 742 1277 798 εἶχον.”
1819 750 1820 774 ³

410 803 590 847 Ἐκεῖθεν
622 808 667 849 δὲ
693 809 898 861 μεταστὰς
925 810 996 852 τὸν
1017 812 1192 868 στρατὸν
1215 814 1270 863 εἷς
1292 812 1557 855 Μακεδονίαν
1578 814 1752 869 προῆγεν
1763 813 1820 868 10}

277 863 342 913 ἐπὶ
376 873 596 915 Σκιπίωνα.
664 879 784 918 τοῦτο
819 878 892 932 τὴν
922 880 1146 935 Πομπηΐου
1179 880 1372 938 στρατιὰν
1406 881 1528 937 ἐπῆρε
1559 882 1628 923 καὶ
1659 879 1755 930 τοὺς

279 940 369 996 περὶ
394 939 518 983 αὐτὸν
541 940 741 997 ἡγεμόνας
763 942 819 994 ὥς
838 943 1061 1001 ἡττημένου
1085 950 1151 990 καὶ
1174 947 1391 1007 φεύγοντος
1412 950 1625 1006 Καίσαρος
1653 945 1754 991 διώ-

279 1024 426 1058 κοντας
457 1009 642 1054 ἕπεσθαι.
712 1012 895 1066 εὐλαβῶς
930 1015 972 1056 δ’
1010 1014 1088 1070 εἶχε
1121 1017 1223 1073 πρὸς
1256 1021 1375 1060 τοῦτο
1409 1015 1648 1072 Πομπήῒος,
1684 1017 1753 1059 καὶ

276 1075 392 1131 ἠξίου
425 1078 576 1134 τρίβειν
606 1081 673 1122 καὶ
705 1083 914 1138 μαραίνειν
945 1083 1018 1138 τὴν
1049 1089 1130 1127 τῶν
1160 1087 1362 1140 πολεμίων
1396 1084 1542 1142 ἀκμήν.
1609 1084 1684 1140 τὴν
1707 1085 1754 1127 δὲ

276 1142 441 1199 γνώμην
471 1144 597 1200 μόνος
629 1146 761 1204 ἐπῄνει
787 1148 951 1204 Κάτων,
995 1155 1136 1210 φειδοῖ
1161 1158 1242 1196 τῶν
1273 1157 1462 1197 πολιτῶν.
1492 1167 1496 1177 ’
1531 1151 1577 1204 ὅς
1605 1168 1650 1210 γε
1682 1154 1749 1195 καὶ
1762 1160 1806 1195 1⁵

277 1212 374 1262 τοὺς
406 1211 602 1265 πεσόντας
632 1220 713 1259 τῶν
744 1221 946 1272 πολεμίων
971 1219 1027 1271 ὥς
1050 1223 1106 1272 εἰς
1122 1223 1281 1276 χιλίους
1304 1221 1423 1273 ὄντας
1445 1222 1545 1265 ἰδὼν
1566 1219 1752 1277 ἀπῆλθεν

277 1280 609 1336 ἐγκαλυψάμενος
639 1287 706 1327 καὶ
739 1287 1064 1345 καταδακρύσας.
1134 1290 1172 1332 οἳ
1196 1290 1237 1332 δ’
1264 1289 1379 1333 ἄλλοι
1402 1288 1548 1341 πάντες
1570 1289 1752 1341 ἐκάκιζον

223 1354 253 1388 Β
278 1354 594 1405 φυγομαχοῦντα
628 1353 859 1409 Πομπήϊον.
927 1357 1112 1400 ἐντεῦθεν
1136 1360 1204 1400 καὶ
1226 1358 1335 1401 ἄκων
1360 1357 1416 1410 εἷς
1436 1357 1573 1414 μάχην
1595 1355 1750 1414 ἐχώρει,

275 1415 434 1460 διώκων
456 1418 526 1460 τὸν
549 1421 756 1478 Καίσαρα.
813 1421 868 1474 ὥς
892 1425 936 1467 δὲ
960 1427 1015 1475 εἰς
1035 1427 1109 1481 τὴν
1135 1428 1376 1484 Φαρσαλίαν
1398 1424 1645 1482 ἐμβαλόντες
1667 1425 1749 1480 ἆμ-

275 1483 441 1542 φότεροι
472 1487 910 1544 ἐστρατοπεδεύσαντο,
956 1491 978 1535 ὅ
1003 1495 1076 1548 μὲν
1098 1494 1317 1550 Πομπήϊος
1348 1490 1474 1547 αὖθις
1501 1499 1575 1550 τῆς
1606 1493 1804 1553 πρώηνΞΟ

274 1546 401 1607 εἶβζίτῡ
434 1553 616 1610 γνώμης,
659 1557 888 1615 φασμάτων
911 1555 983 1604 οῧκ
1008 1564 1149 1605 αἰσίων
1172 1563 1284 1622 αὐτῷ
1305 1565 1527 1620 γενομένων
1548 1565 1617 1606 καὶ
1640 1562 1744 1606 καθ’

272 1620 399 1664 ὕπνον
431 1621 567 1677 ὄψεώς
598 1642 706 1676 τινος
739 1626 885 1681 (ἐδόκει
914 1630 991 1687 γὰρ
1024 1629 1168 1674 ἑαυτὸν
1200 1631 1302 1689 δρᾶν
1334 1633 1376 1675 ἓν
1397 1637 1454 1691 τῷ
1477 1629 1644 1690 θεάτρῳ
1666 1629 1747 1673 ὗπὸ

267 1687 480 1743 Ῥωμαίων
501 1692 807 1751 κροτούμενον),
854 1697 892 1739 οἱ
927 1699 971 1740 δὲ
1004 1702 1094 1757 περὶ
1117 1700 1242 1743 αὐτὸν
1263 1705 1436 1759 θρασεῖς
1455 1695 1562 1756 ἦσαν
1584 1701 1652 1742 καὶ
1673 1699 1747 1755 τὴν

270 1759 381 1813 νίκην
405 1765 494 1809 ταῖς
515 1761 644 1805 ἐλπίσι
667 1763 967 1822 προειληφότες.

362 1842 409 1923 {3
407 1840 610 1925 μὲέέαέιριαιὸ
615 1845 646 1880 Α
662 1846 882 1894 Plutarchus,
904 1851 1010 1894 χεῖρα
1034 1850 1125 1888 PW.
1195 1852 1219 1889 6
1234 1848 1349 1887 αὐτόν
1366 1851 1410 1886 C.
1479 1828 1526 1888 19
1545 1847 1613 1887 τὸν
1629 1862 1684 1886 om
1701 1850 1745 1888 A.

271 1968 348 1992 nam
371 1957 430 1992 vir
451 1958 589 2003 quidam
615 1971 758 2005 magnus
782 1965 819 1996 et
841 1964 1005 1998 robustus
1036 1964 1192 2010 fugiens,
1224 1976 1301 1999 cum
1332 1965 1376 2000 ab
1407 1975 1450 1999 eo
1484 1975 1586 2000 manu
1614 1964 1744 1999 iniecta

271 2015 411 2038 manere
436 2009 472 2037 et
494 2006 536 2038 ad
563 2005 683 2039 hostes
706 2009 865 2042 converti
887 2010 1088 2054 iuberetur,
1125 2011 1228 2056 plane
1258 2011 1483 2057 perturbatus
1504 2012 1611 2046 ictum
1634 2010 1666 2044 ei
1689 2011 1744 2044 in-

270 2049 441 2091 tentavit3
474 2060 515 2083 ac
547 2052 800 2098 percussisset,
831 2055 899 2090 nisi
931 2055 1081 2101 armiger
1103 2057 1179 2091 eius
1203 2057 1375 2091 humerum
1399 2057 1492 2091 illius
1518 2059 1741 2102 amputasset.

270 2107 347 2129 cum
373 2099 487 2128 autem
513 2095 717 2142 Pompeius,
750 2111 874 2145 magno
899 2102 1048 2136 facinori
1073 2102 1264 2149 colophone
1286 2102 1354 2137 non
1378 2103 1539 2148 adiecto,
1573 2102 1742 2147 fugienti-

269 2142 336 2175 bus
358 2141 395 2174 in
419 2141 542 2175 vallum
567 2144 752 2187 compulsis
775 2147 993 2191 recessisset,
1017 2148 1153 2183 Caesar
1170 2149 1262 2184 ‘dixit
1284 2161 1326 2184 eo
1349 2149 1406 2183 die
1427 2148 1611 2197 victoriam
1633 2158 1742 2194 penes

270 2187 401 2220 hostem
424 2186 548 2230 fuisse,
570 2189 600 2221 si
628 2188 792 2225 victorem
814 2192 1005 2229 habuisset.

406 2233 491 2266 Inde
524 2233 703 2278 digressus
735 2239 923 2273 exercitum
957 2239 991 2272 in
1013 2240 1252 2275 Macedoniam
1283 2245 1406 2275 contra
1429 2239 1629 2286 Scipionem
1658 2249 1741 2293 prp-

270 2278 393 2314 movit.
443 2289 485 2312 ea
515 2290 573 2313 res
598 2281 753 2326 Pompeii
786 2284 972 2319 exercitum
1005 2291 1041 2320 et
1072 2287 1195 2321 ducum
1224 2286 1357 2324 animos
1389 2297 1480 2320 vana
1502 2297 1566 2332 spe
1588 2284 1739 2327 inflavxt,

271 2328 319 2358 ut
333 2325 518 2358 Caesarem
543 2325 651 2359 veluti
675 2328 804 2363 victum
829 2334 866 2364 et
888 2331 1077 2376 fugientem
1100 2332 1262 2378 persequi
1285 2335 1468 2377 cuperent.
1516 2343 1538 2366 a
1562 2342 1631 2376 quo
1655 2341 1740 2364 con-

268 2370 349 2404 silio
372 2370 556 2415 Pompeius
589 2372 780 2408 abhorrens
813 2375 936 2411 bellum
959 2378 1087 2412 ducere
1111 2383 1147 2412 et
1169 2389 1264 2413 mora
1286 2378 1365 2423 ipsa
1388 2378 1484 2413 vires
1507 2376 1659 2412 hostium
1685 2379 1740 2429 at-

269 2421 416 2450 tenuare
450 2416 640 2451 consultius
675 2431 753 2453 esse
783 2420 894 2458 duxit.
942 2434 1044 2467 quam
1071 2425 1277 2459 sententiam
1305 2424 1370 2458 soli
1400 2423 1532 2459 Catoni
1560 2423 1739 2476 probe-avon,

270 2461 408 2495 civibus
433 2473 579 2508 parcere
602 2464 770 2508 cupienti.
830 2468 892 2513 qui
923 2479 998 2503 cum
1031 2470 1180 2504 hostium
1211 2469 1352 2504 circiter
1372 2470 1463 2505 mille
1487 2480 1607 2505 caesos
1627 2468 1739 2503 v1d1s-

269 2511 347 2551 set,
384 2508 552 2542 obvoluta
583 2508 676 2543 facie
697 2511 775 2545 illos
798 2512 1006 2558 deploravit.
1053 2515 1203 2551 caeteris
1226 2527 1310 2550 vero
1335 2517 1492 2551 omnibus
1516 2524 1654 2562 pugnae
1678 2513 1739 2548 de-

268 2553 512 2588 trectationem
537 2553 818 2600 vituperantibus
841 2560 1027 2606 Pompeius
1048 2562 1106 2596 vel
1126 2562 1260 2596 invitus
1283 2562 1468 2597 Caesarem
1493 2566 1547 2597 est
1573 2570 1739 2613 persecu-

269 2603 341 2632 tus.
389 2605 429 2632 ut
452 2610 536 2633 vero
560 2602 659 2634 ambo
682 2601 716 2635 in
741 2603 924 2640 Pharsalia
948 2606 1067 2642 castra
1086 2615 1296 2654 posueruut,
1327 2609 1363 2642 in
1392 2608 1542 2654 pristina
1563 2609 1740 2640 sententia

267 2646 460 2689 permansit
483 2646 528 2679 ob
553 2646 664 2681 omina
688 2660 807 2692 parum
833 2652 1013 2697 auspicata
1037 2658 1073 2688 et
1095 2653 1205 2688 visum
1229 2658 1453 2699 nocturnum,
1485 2664 1556 2699 quo
1578 2653 1616 2686 in
1638 2652 1738 2686 thea-

268 2694 325 2723 tro
349 2700 411 2723 suo
434 2691 589 2735 plausum
613 2693 690 2727 dari
711 2694 780 2729 sibi
803 2698 964 2743 putabat.
1011 2699 1086 2733 eius
1108 2711 1195 2734 vero
1227 2700 1415 2736 familiares
1450 2700 1598 2735 audaces
1624 2701 1735 2741 erant,

267 2746 332 2781 spe
356 2735 526 2771 victoriae
546 2744 751 2784 praecepta.
