1820 3120
249 114 350 160 306
722 111 952 155 IOANNIS
986 109 1248 155 ZONARAE

240 228 382 270 ’ἐδίδου
417 225 496 283 γὰρ
529 222 551 267 ὃ
585 222 710 279 νόμος
746 224 859 283 αὐτῷ
891 225 1022 282 ἀρχὴν
1051 229 1125 279 τῆς
1157 223 1267 274 ἐντὸς
1291 221 1543 281 ιΗρακλείων
1565 226 1723 279 στηλῶν

245 292 489 348 θαλάσσης,
511 293 680 351 ἠπείρου
705 293 750 336 δὲ
771 293 906 348 πάσης
929 293 1007 335 ἀπὸ
1032 291 1250 347 θαλάσσης
1271 292 1335 333 ἐπὶ
1358 290 1599 349 τετρακόσια
1621 290 1722 345 στάς-

62 369 90 402 Ρ
117 369 130 402 1
155 366 224 404 476
248 364 336 414 δια,
373 363 439 404 καὶ
460 363 742 405 πεντεκαίδεκα
764 363 1014 419 πρεσβευτὰς
1037 362 1079 404 ἐκ
1102 365 1175 415 τῆς
1196 364 1350 415 βουλῆς
1372 358 1541 404 ἑλέσθαι
1562 361 1626 403 ἐπὶ
1648 358 1723 409 τὰς

247 431 352 474 κατὰ
374 430 498 487 μέρος
519 428 735 486 ἡγεμονίας
742 462 754 482 ,
793 430 990 487 χρήματα
1022 430 1065 471 δὲ
1096 427 1316 484 λαμβάνειν
1344 430 1388 471 ἐκ
1418 432 1500 473 τῶν
1531 429 1723 483 ταμιείων

247 501 314 542 καὶ
337 503 419 542 τῶν
439 503 564 542 τελῶν
588 498 666 541 ὅσα
686 497 900 553 βούλοιτο,
936 499 1002 540 καὶ
1028 502 1125 548 ναῦς
1147 499 1368 547 διακοσίας.
1435 495 1566 540 ταῦτα
1595 493 1617 539 ὅ
1649 495 1756 551 μένὸ

247 569 379 622 δῆμος
408 565 638 624 προθύμως
669 567 854 617 ἐδέξατο·
891 567 929 608 οἱ
962 567 1006 608 δὲ
1036 570 1109 620 τῆς
1139 563 1365 621 συγκλήτου
1396 563 1724 623 περιφανέστεροι

250 634 386 694 φόβου
420 634 533 687 ἄξιον
560 634 741 689 ἐνόμιζον
764 634 809 676 τὸ
835 638 908 688 τῆς
930 635 1113 687 ἔξουσίας
1135 634 1406 691 ἀπερίληπτον
1428 635 1496 676 καὶ
1520 630 1724 691 ἀόριστον,

249 706 317 747 καὶ
354 703 576 760 ἀντέλεγον,
611 703 715 758 πλὴν
753 703 990 759 Καίσαρος·
1039 697 1157 753 οὗτος
1189 703 1234 745 δὲ
1265 700 1475 759 συνηγόρει
1507 705 1566 760 τῷ
1597 699 1724 758 νόμῳ,

251 772 299 815 οὗ
326 772 392 814 διὰ
416 772 486 815 τὸν
507 770 740 826 Πομπήϊον,
775 770 845 813 τὸν
869 773 998 826 δῆμον
1021 772 1065 814 δὲ
1090 769 1330 828 θεραπεύων
1360 772 1427 812 καὶ
1460 768 1726 824 οἰκειούμενος

249 839 395 898 ἑαυτῷ.
464 840 564 890 τέως
593 840 730 894 μέντοι
762 838 951 896 ἐκυρώθη
986 840 1033 883 τὸ
1066 838 1278 896 ψήφισμα.
1347 840 1413 880 καὶ
1449 836 1471 881 ὅ
1506 835 1783 893 Πομπήϊος-10

250 911 306 959 εἷς
338 909 551 963 ἐκκλησίαν
573 908 709 951 ἐλθὼν
733 907 926 951 διπλάσια
949 908 1001 951 τὰ
1024 899 1285 966 ἐψηφισμένα
1307 910 1445 961 λαβεῖν
1468 904 1726 964 διεπράξατο.

250 976 394 1020 διελών
427 971 499 1019 οὖν
531 977 581 1019 τὰ
617 974 769 1032 πελάγη
802 978 869 1018 καὶ
901 975 1159 1031 διαστήματα
1191 981 1264 1031 τῆς
1291 974 1518 1030 θαλάσσης
1543 977 1600 1025 εἲς
1621 974 1726 1032 μέρη

199 1053 230 1089 Β
253 1046 533 1103 τρισκαίδεκα,
569 1046 637 1087 καὶ
671 1049 771 1087 νεῶν
802 1044 985 1102 ἀριθμὸν
1019 1046 1089 1103 ἐφ’
1117 1043 1272 1102 ἑκάστῳ
1296 1045 1364 1086 καὶ
1387 1043 1565 1101 ἄρχοντα
1587 1041 1728 1094 τάξας,

250 1112 429 1171 ἐκάθηρε
463 1118 544 1156 τῶν
576 1115 804 1170 λῃστηρίων
832 1114 878 1156 τὸ
916 1114 1170 1171 Τυρρηνικὸν
1202 1113 1398 1168 πέλαγος,
1448 1112 1494 1155 τὸ
1519 1109 1726 1165 Λιβυκόν,

249 1183 296 1225 τὸ
331 1185 420 1240 περὶ
455 1184 660 1239 Σαρδῶνα
691 1184 758 1225 καὶ
791 1180 955 1239 Κύρνον
988 1184 1056 1225 καὶ
1088 1183 1287 1233 Σικελίαν,
1320 1179 1493 1238 ἡμέραις
1521 1177 1724 1237 τεσσαρά-
1737 1182 1782 1218 15
1819 1227 1820 1230 Ἴ

47 1262 230 1299 W11122
255 1268 390 1294 κοντα.
461 1249 544 1293 εἶτα
577 1251 822 1307 παραπλέων
853 1250 927 1301 τὰς
959 1249 1093 1301 πόλεις
1123 1251 1227 1304 μετὰ
1262 1252 1443 1305 σπουδῆς
1466 1248 1516 1292 οὗ
1538 1251 1728 1306 παρῆλθε

251 1320 325 1370 τὰς
349 1316 549 1373 Ἀθήνας,
594 1319 753 1373 ἀναβὰς
785 1319 829 1361 δὲ
860 1321 927 1361 καὶ
953 1318 1088 1369 θύσας
1110 1321 1179 1361 καὶ
1202 1316 1537 1375 προσαγορεύσας
1559 1317 1630 1360 τὸν
1653 1318 1728 1371 δῆ-

251 1404 344 1443 μον,
391 1381 502 1444 εὗρεν
535 1387 763 1445 ἐπιγραφὰς
795 1389 850 1437 εἷς
885 1387 1008 1430 αὐτὸν
1037 1388 1327 1443 πεποιημένας,
1369 1381 1425 1430 ὧν
1457 1384 1484 1441 ἦ
1514 1385 1592 1440 μὲν
1617 1385 1729 1435 ἐντὸς

252 1461 325 1511 τῆς
347 1454 476 1510 πύλης
498 1455 626 1511 ἔλεγεν

385 1523 483 1581 Ἐφ’
509 1523 605 1567 ὅσον
627 1522 683 1566 ὢν
707 1522 927 1581 ἄνθρωπος
949 1521 1063 1574 οἶδας
1074 1555 1088 1575 ,
1124 1523 1188 1565 ἐπὶ
1210 1526 1403 1566 τοσοῦτον
1427 1519 1467 1565 εἶ
1480 1520 1603 1573 θεός·
1737 1523 1786 1558 2⁰

252 1591 281 1648 ἦ
305 1592 351 1636 δ’
377 1590 491 1642 ἐκτός

389 1661 729 1719 Προσεδοκῶμεν,
752 1663 1087 1718 προσεκυνοῦμεν,
1112 1658 1283 1715 εἴδομεν,
1305 1658 1606 1715 προπέμπομεν.

346 1791 366 1825 1
395 1786 416 1824 ὅ
440 1786 554 1833 νόμος
581 1800 634 1823 om
660 1789 703 1826 A.
830 1789 911 1833 τῆς]
935 1784 1004 1832 τὴν
1027 1789 1068 1826 Β.
1192 1785 1400 1832 ἡρακλείων
1422 1786 1564 1832 στηλῶν
1586 1782 1728 1821 θαλάσ-

345 1846 413 1880 σης
435 1836 496 1869 ΑΒ
516 1835 743 1879 Plutarchus,
769 1832 962 1879 θαλάσσης
984 1833 1203 1878 Ηρακλείων
1226 1833 1366 1878 στηλῶν
1393 1834 1484 1868 PW.
1513 1841 1516 1844 ”
1619 1832 1644 1868 4
1665 1842 1729 1865 τα-

346 1880 474 1926 μιείων
497 1881 550 1925 Β,
585 1882 745 1925 ταμείων
767 1881 858 1914 PW.
1043 1882 1065 1914 5
1089 1879 1163 1914 τῶν
1185 1879 1312 1923 τελῶν]
1339 1875 1442 1924 παρὰ
1465 1878 1540 1913 τῶν
1561 1877 1729 1912 τελωνῶν

347 1927 567 1962 Plutarchus.
750 1925 774 1960 8
799 1926 852 1973 τῷ
881 1923 1005 1972 νόμῳ]
1038 1925 1085 1972 τῇ
1112 1923 1235 1970 γνώμῃ
1265 1925 1309 1959 Α.
1492 1925 1516 1961 9
1538 1921 1581 1959 δὲ
1607 1935 1663 1958 om
1683 1922 1727 1957 A.

348 1975 393 2008 15
408 1970 590 2018 Σαρδόνα
613 1972 835 2007 Plutarchus.
884 1983 991 2017 supra
1013 1976 1051 2006 et
1073 1985 1109 2018 p.
1133 1972 1202 2008 313
1225 1983 1263 2006 v.
1292 1969 1335 2006 17
1358 1967 1509 2017 Σαρδώ.

255 2087 334 2121 chia
357 2086 596 2129 tribuebatur,
633 2095 798 2119 concessa
829 2088 1008 2129 potestate
1034 2083 1140 2118 maris
1163 2083 1257 2129 quod
1279 2083 1374 2117 intra
1398 2084 1572 2118 columnas
1591 2082 1731 2116 Hercu-

254 2133 353 2167 lanas
386 2137 440 2166 est
473 2138 509 2166 et
542 2136 660 2166 terrae
687 2131 897 2165 continentis
923 2143 943 2164 a
967 2131 1126 2175 quolibet
1150 2129 1235 2164 mari
1258 2130 1301 2163 ad
1324 2129 1582 2174 quadringenta
1604 2128 1730 2172 stadia,

255 2184 294 2213 et
317 2185 358 2214 ut
380 2177 576 2223 quindecim
599 2177 734 2221 legatos
768 2188 787 2210 e
817 2181 941 2211 senatu
973 2178 1016 2210 ad
1051 2181 1169 2221 partes
1193 2175 1331 2220 imperii
1353 2177 1519 2209 tutandas
1543 2173 1612 2208 sibi
1633 2175 1730 2218 lege-

255 2229 334 2270 ret,
367 2230 404 2258 et
434 2223 604 2269 pecuniae
637 2227 818 2267 quantum,
834 2222 945 2256 ‘vellet
971 2233 1015 2256 ex
1038 2223 1176 2256 aerario
1200 2227 1237 2254 et
1262 2221 1491 2265 vectigalibus
1514 2224 1667 2254 sumeret
1688 2230 1730 2253 ac

256 2282 365 2305 naves
389 2270 569 2304 ducentas.
618 2269 703 2302 haec
726 2268 824 2312 plebs
849 2269 1014 2303 alacriter
1041 2267 1267 2315 approbavit:
1299 2267 1465 2312 primores
1491 2271 1605 2301 autem
1628 2276 1729 2299 sena-

255 2322 332 2359 tus,
363 2317 563 2351 immensam
586 2314 678 2348 illam
703 2319 741 2348 et
763 2314 929 2348 infinitam
957 2318 1162 2359 potestatem
1187 2317 1400 2355 metuentes,
1433 2311 1614 2347 adversati
1635 2315 1729 2353 sunt,

255 2366 399 2407 praeter
424 2362 629 2402 Caesarem,
665 2361 725 2406 qui
757 2361 868 2404 legem
902 2372 970 2394 non
1000 2361 1037 2393 in
1062 2359 1218 2404 Pompeii
1248 2359 1394 2403 gratiam
1424 2359 1486 2393 sed
1517 2357 1630 2403 plebis
1660 2357 1729 2390 sibi

257 2408 493 2442 conciliandae
517 2406 633 2440 studio
658 2406 830 2440 defendit.
885 2406 1028 2440 decreto
1051 2406 1107 2440 illo
1130 2406 1266 2439 firmato
1294 2405 1480 2450 Pompeius
1502 2404 1540 2438 in
1566 2401 1731 2437 contione

257 2454 362 2500 dupla
385 2454 500 2487 omnia
523 2452 745 2496 impetravit3
771 2452 957 2496 divisoque
980 2452 1116 2497 pelago,
1142 2456 1179 2484 et
1202 2450 1304 2484 maris
1326 2450 1524 2485 intervallis
1546 2449 1583 2483 in
1606 2452 1728 2494 partes

257 2501 427 2534 tredecim
460 2498 666 2542 descriptis,
699 2499 804 2531 certis
835 2499 983 2533 navibus
1009 2502 1045 2531 et
1066 2498 1153 2532 duce
1177 2496 1213 2530 in
1237 2501 1339 2541 parte
1363 2497 1517 2542 qualibet
1538 2493 1729 2538 collocatis,

258 2557 351 2580 mare
376 2546 600 2589 Tyrrhenum
622 2544 822 2578 Africanum
848 2545 1017 2579 Sardoum
1041 2543 1221 2577 corsicam
1245 2542 1399 2576 Siculum
1428 2543 1521 2576 intra
1543 2540 1619 2575 dies
1643 2550 1728 2585 qua-

257 2591 419 2635 draginta
442 2590 597 2636 pacavit.
643 2590 770 2623 deinde
794 2601 868 2624 cum
893 2592 996 2624 urbes
1019 2590 1227 2624 festinanter
1249 2589 1598 2634 praeterveheretur,
1620 2585 1729 2620 Athe-

259 2649 322 2671 nas
344 2649 414 2671 non
435 2636 640 2681 praeteriit,
663 2636 726 2670 sed
750 2646 919 2671 exscensu
942 2637 979 2669 in
1001 2639 1129 2669 terram
1156 2639 1194 2669 et
1215 2646 1254 2668 re
1277 2635 1396 2669 divina
1418 2635 1513 2668 facta
1529 2631 1730 2678 populoque

258 2682 408 2717 salutato
430 2682 676 2727 inscriptiones
702 2682 757 2715 sui
781 2682 922 2716 honoris
946 2692 1051 2716 causa
1075 2681 1187 2715 factas
1211 2681 1367 2725 invenit,
1406 2691 1508 2714 unam
1530 2679 1623 2713 intra
1645 2688 1731 2722 por-

257 2734 328 2764 tam
351 2728 405 2762 his
427 2729 547 2762 verbis
565 2724 777 2769 “Quatenus
801 2733 837 2762 te
862 2727 1031 2762 hominem
1062 2738 1141 2761 esse
1166 2727 1340 2771 agnoscis,
1366 2730 1513 2760 eatenus
1537 2725 1623 2759 deus
1649 2718 1729 2766 es'’‚

259 2774 402 2810 alteram
425 2780 525 2809 extra
538 2771 884 2819 “Exspectabamus,
909 2774 1147 2816 adorabamus,
1172 2773 1334 2819 vidimus,
1357 2765 1592 2807 deducimus.’'
