1820 3120
295 101 390 146 198
767 100 993 146 IOANNIS
1027 102 1286 148 ZONARAE

415 211 465 254 Ὁ
497 206 568 254 οὖν
595 213 780 268 Ἀννίβας
816 217 884 258 καὶ
916 214 1058 259 τούτου
1101 216 1334 272 διαμαρτών
1366 215 1506 268 νυκτὸς
1541 217 1643 276 πρὸς
1675 218 1750 269 τὰς

120 282 146 315 Ρ
163 284 181 318 1
197 286 265 321 418
289 279 451 330 Κάννας
474 280 652 337 ἀφίκετο.
699 285 764 325 καὶ
786 284 904 339 γνοὺς
925 285 971 326 τὸ
991 283 1142 339 χωρίον
1164 286 1230 326 καὶ
1254 283 1354 340 πρὸς
1377 285 1536 342 ἐνέδρας
1558 288 1626 329 καὶ
1646 287 1750 343 πρὸς

285 346 508 403 παράταξιν
543 348 787 404 ἐπιτήδειον,
833 349 1238 407 ἐστρατοπεδεύσατο.
1307 353 1373 393 καὶ
1396 351 1595 410 προήροσε
1617 352 1750 397 πάντα

282 415 351 457 τὸν
383 414 506 458 τόπον
536 415 789 472 ὑπόψαμμον
823 419 942 470 ὄντα,
984 420 1054 461 ἰ’να
1087 419 1291 475 κονιορτὸς
1322 421 1363 462 ἓν
1393 424 1442 476 τῇ
1473 419 1585 478 μάχῃ
1606 421 1746 479 ἀρθῇ·

283 483 353 525 τὸν
385 484 463 539 γὰρ
497 484 667 538 ἄνεμον,
708 485 753 536 ὃς
783 489 825 528 ἐν
848 488 962 542 θέρει
987 487 1107 529 ἐκεῖσε
1131 489 1220 543 περὶ
1243 487 1315 542 τὴν
1336 489 1591 544 μεσημβρίαν
1608 489 1781 537 Ἰεῐιιῦθειό
1818 497 1820 567 l

284 551 491 606 γίνεσθαι,
534 553 638 595 κατὰ
673 552 800 596 νώτου
834 554 935 608 ἔχειν
958 553 1254 609 ἐμηχανήσατο.
1323 555 1361 597 οἱ
1385 555 1429 598 δ’
1455 554 1600 599 ὕπατοι
1622 557 1750 605 ἕωθεν

97 617 139 649 W
160 617 197 652 Π
220 619 265 656 79
287 620 400 661 κενὸν
434 620 592 676 ἀνδρῶν
617 620 768 670 ἷὸόντες
792 622 916 664 αὐτοῦ
938 622 984 664 τὸ
1002 621 1257 679 χαράκωμα)
1295 627 1454 679 πρῶτον
1477 624 1550 677 μὲν
1572 624 1750 680 ἓπέσχον,

285 687 564 743 ἐνεδρεύεσθαι
597 687 806 740 δόξαντες,
843 687 925 733 εἶτα
951 690 1051 743 μεθ’
1077 689 1228 747 ἡμέρας
1250 691 1350 747 πρὸς
1370 690 1444 741 τὰς
1469 690 1630 743 Κάννας
1652 692 1752 750 ἀφί-

285 772 414 798 κοντο.
483 758 546 797 καὶ
571 756 683 812 παρὰ
705 762 761 814 τῷ
787 762 956 814 ποταμῷ
979 756 1166 814 ἑκάτερος
1189 761 1271 818 ἰδία
1293 759 1509 814 ηὐλίσατο·
1543 759 1617 804 οὒκ
1641 759 1751 811 ὄντες

284 823 362 879 γὰρ
389 822 584 878 ὃμοήθεις
605 825 678 878 τὴν
702 825 803 880 πρὸς
825 825 1024 880 ἀλλήλους
1046 828 1257 870 συνουσίαν
1279 827 1487 878 ἐξέκλιναν.
1554 829 1620 870 καὶ
1637 825 1659 870 ὃ
1675 829 1748 882 μὲν
1761 839 1806 876 lo

284 893 455 941 Παῦλος
485 890 704 946 ἡσύχαζεν,
740 891 760 934 ὃ
794 893 841 935 δέ
865 910 907 948 γε
933 894 1142 950 Τερέντιος
1162 894 1284 950 ἤθελε
1309 900 1554 950 συμβαλεῖν·
1588 896 1749 950 ἀμβλυ-

284 959 423 1014 τέρους
458 960 500 1001 δὲ
530 961 625 1010 τοὺς
657 959 904 1017 στρατιώτας
927 959 1031 1018 ὁρῶν
1056 962 1304 1006 ἀνεκόπτετο.
1374 961 1395 1013 ὃ
1418 964 1462 1006 δὲ
1479 964 1660 1018 Ἀννίβας
1682 966 1750 1007 καὶ

285 1025 457 1077 ἄκοντας
489 1028 636 1078 αὐτοὺς
669 1032 725 1079 εἷς
756 1028 891 1084 μάχην
923 1035 1153 1087 παρακινῶν
1185 1036 1256 1086 τῆς
1283 1048 1324 1073 τε
1358 1029 1522 1087 ὑδρείας
1551 1030 1652 1088 εἶργε
1682 1034 1750 1074 καὶ

229 1098 259 1132 Β
284 1093 660 1139 ἀποσκεδάννυσθαι
700 1103 808 1153 σφᾶς
838 1096 983 1140 ἐκώλυε
1019 1100 1085 1140 καὶ
1108 1098 1159 1141 τὰ
1183 1098 1351 1152 σώματα
1373 1103 1454 1142 τῶν
1476 1099 1750 1157 φονευομένων

282 1162 366 1205 ἄνω
390 1164 466 1219 πρὸ
491 1168 570 1207 τῶν
592 1165 884 1222 ταφρευμάτων
908 1167 1131 1219 ἐνέβαλλεν,
1160 1165 1268 1218 ὅπως
1290 1167 1404 1225 σφίσι
1425 1167 1471 1210 τὸ
1504 1167 1626 1211 ποτὸν
1649 1170 1745 1212 δυσ-
1760 1176 1804 1212 15

277 1234 522 1287 χεραίνηται.
591 1233 809 1276 κάντεῦθεν
844 1236 909 1276 καὶ
946 1234 983 1276 οἶ
999 1233 1188 1289 Ῥωμαῖοι
1218 1236 1321 1293 πρὸς
1353 1234 1578 1292 παράταξιν
1608 1234 1749 1294 ὥρμη-

284 1317 372 1342 σαν.
442 1304 560 1342 τοῦτο
585 1302 629 1343 δὲ
652 1302 848 1357 προγνοὺς
871 1300 891 1343 ὃ
913 1301 1095 1355 Ἀννίβας
1117 1302 1260 1356 λόχους
1281 1304 1355 1357 μὲν
1378 1301 1456 1346 ὖπὸ
1480 1303 1574 1354 τοὺς
1595 1303 1751 1359 ὄχθους

283 1366 469 1420 ἐκάθισε,
505 1369 577 1422 τὴν
605 1369 649 1411 δὲ
671 1370 813 1424 λοιπὴν
835 1370 1027 1427 στρατιὰν
1043 1372 1258 1423 συνέταξε,
1293 1371 1365 1414 καί
1385 1388 1496 1422 τινας
1516 1374 1749 1426 ψευδαυτο-

279 1440 458 1490 μολῆσαι
492 1435 588 1478 ὅταν
621 1436 779 1494 σημήνῃ
811 1439 989 1480 ἐκέλευσε
1000 1470 1013 1489 ,
1048 1439 1120 1489 τὰς
1142 1440 1214 1493 μὲν
1237 1439 1409 1489 ἀσπίδας
1430 1441 1496 1482 καὶ
1519 1440 1571 1482 τὰ
1594 1439 1749 1497 δόρατα

281 1506 348 1545 καὶ
373 1504 422 1546 τὰ
447 1506 566 1558 μείζω
589 1509 668 1547 τῶν
691 1509 819 1562 ξιφῶν
842 1506 1158 1562 ἀπορριξυαντας,
1178 1508 1229 1549 τὰ
1253 1507 1294 1549 δ’
1321 1508 1532 1565 ἐγχειρίδια
1552 1509 1817 1566 φέρονταςΞον

282 1570 433 1629 κρύφα,
455 1575 523 1614 ἵνα
548 1574 770 1627 δεξαμένων
793 1574 940 1624 αὐτοὺς
960 1578 1039 1617 τῶν
1062 1569 1461 1630 ἀντικαθεστηκότών
1483 1574 1540 1626 ὥς
1557 1575 1746 1629 ἀόπλους,

284 1640 501 1682 ἕπίθωνται
528 1641 664 1691 αὐτοῖς
687 1641 1010 1698 ἀπροσδοκήτως.
1568 1654 1571 1656 ’

421 1708 471 1749 Οἱ
505 1709 548 1750 δὲ
582 1710 632 1763 δὴ
653 1707 843 1765 Ῥωμαῖοι
875 1709 1026 1760 ἰδόντες
1047 1713 1228 1767 πρωΐθεν
1250 1710 1345 1762 τοὺς
1366 1713 1453 1768 περὶ
1477 1711 1547 1754 τὸν
1565 1711 1747 1766 Ἀννίβαν

374 1827 415 1860 11
441 1823 618 1871 ἡσύχαζεν
640 1828 716 1873 Ac,
737 1819 916 1872 ἡσύχασεν
939 1829 1029 1862 Pw.
1193 1828 1237 1862 12
1262 1823 1304 1862 δ’
1329 1828 1373 1867 ο.
1554 1829 1602 1865 20
1621 1824 1745 1874 κρύφα

370 1869 552 1915 φέροντας
575 1873 648 1909 ΑΒ.
792 1874 837 1908 23
861 1869 928 1907 τὸν
954 1885 1008 1908 om
1031 1872 1074 1907 B.

414 1972 591 2007 Hannibal
625 1974 727 2008 etiam
759 1973 826 2008 hoc
857 1974 997 2008 consilio
1032 1976 1221 2009 frustratus
1252 1977 1358 2008 noctu
1389 1974 1433 2009 ad
1467 1974 1607 2010 Cannas
1636 1975 1747 2021 venit,

278 2017 488 2063 cognitoque
521 2019 590 2053 loci
624 2019 693 2053 situ
723 2024 760 2054 et
785 2020 829 2054 ad
852 2021 1023 2065 parandas
1045 2020 1190 2055 insidias
1214 2024 1250 2054 et
1271 2020 1315 2054 ad
1337 2020 1502 2065 praelium
1531 2021 1745 2055 committen-

279 2065 357 2098 dum
391 2064 539 2107 idoneo,
573 2071 692 2099 castra
723 2065 773 2099 ibi
795 2067 933 2111 posuit3
967 2071 1070 2111 atque
1103 2077 1234 2100 omnem
1257 2076 1334 2100 eum
1357 2077 1475 2111 agrum
1497 2067 1745 2102 subarenosum

278 2114 395 2144 aratro
421 2110 603 2154 proscidit,
629 2116 667 2144 ut
689 2111 725 2144 in
747 2122 863 2156 pugna
887 2111 1003 2157 pulvis
1029 2112 1219 2155 tolleretur,
1242 2112 1276 2145 id
1301 2112 1513 2146 machinatus
1537 2118 1576 2146 ut
1591 2117 1744 2156 ventum,

279 2155 339 2200 qui
373 2155 424 2189 ibi
457 2158 520 2190 sub
553 2156 726 2190 meridiem
758 2157 844 2191 flare
873 2157 1075 2199 consuevit,
1112 2169 1131 2191 a
1156 2163 1256 2201 tergo
1281 2157 1436 2191 haberet.
1484 2158 1642 2191 consules
1666 2169 1742 2193 cum

277 2212 375 2234 mane
398 2207 513 2235 castra
536 2201 623 2235 viris
639 2213 750 2236 vacua
766 2203 949 2247 vidissent,
972 2203 1114 2248 primum
1130 2214 1167 2236 se
1184 2207 1434 2247 represserunt,
1458 2201 1602 2236 insidias
1617 2203 1742 2237 veritiz

276 2251 359 2291 post
391 2247 433 2280 ad
457 2248 594 2281 Cannas
618 2252 811 2291 venerunt,
844 2248 942 2283 iuxta
975 2249 1099 2282 flumen
1125 2254 1269 2293 uterque
1298 2248 1442 2282 seorsim
1466 2253 1743 2284 castrametatus.

276 2293 320 2326 ob
360 2303 490 2326 morum
529 2293 618 2326 enim
650 2294 886 2328 diversitatem
921 2293 1011 2328 alter
1041 2294 1185 2328 alterius
1223 2293 1502 2327 consuetudinem
1536 2294 1742 2332 declinabat.

277 2338 383 2371 Paulo
407 2339 608 2383 quiescente
632 2338 822 2373 Terentius
846 2339 1034 2382 confligere
1057 2340 1189 2373 voluit:
1211 2351 1276 2373 nec
1298 2345 1411 2372 tamen
1435 2339 1530 2382 fecit,
1555 2350 1628 2374 cum
1652 2339 1744 2373 mili-

277 2388 332 2417 tes
366 2395 484 2428 parum
517 2395 594 2417 esse
625 2384 754 2418 alacres
789 2385 950 2420 vidisset.
1005 2390 1040 2418 at
1072 2385 1247 2418 Hannibal
1280 2383 1334 2418 vel
1366 2383 1496 2418 invitos
1527 2385 1742 2430 adlpugnam

278 2429 418 2463 eliciens
443 2430 629 2475 aquatione
652 2430 862 2474 prohibebat
885 2443 948 2464 nec
966 2431 1083 2476 palari
1106 2431 1266 2469 sinebat,
1302 2435 1338 2463 et
1362 2430 1536 2465 cadavera
1567 2441 1744 2464 caesorum

276 2486 383 2519 supra
405 2475 441 2508 in
467 2475 696 2520 profluent-em
721 2482 802 2510 ante
828 2477 955 2510 vallum
982 2487 1097 2510 eorum
1121 2476 1337 2521 proiiciebat,
1361 2481 1400 2509 ut
1425 2487 1446 2510 a
1467 2480 1554 2521 potu
1577 2476 1743 2510 abhorre-

264 2525 366 2553 rent.
422 2521 474 2554 his
506 2521 612 2554 rebus
642 2521 788 2555 Romani
821 2522 984 2556 concitati
1019 2522 1125 2555 aciem
1160 2522 1410 2554 instruxerunt.
1467 2532 1534 2566 quo
1566 2521 1742 2555 Hannibal

275 2567 520 2610 praecognito,
550 2565 683 2599 insidiis
707 2568 770 2600 sub
794 2567 933 2601 tumulis
957 2567 1134 2601 collocatis
1166 2572 1204 2600 et.
1229 2567 1364 2610 reliquo
1389 2566 1542 2600 exercitu
1567 2566 1740 2610 ordinato,

273 2612 452 2645 nonnullos
475 2612 575 2656 signo
593 2611 677 2645 dato
701 2613 821 2657 clipeis
847 2613 953 2647 hastis
979 2616 1013 2647 et
1027 2613 1167 2646 ensibus
1185 2612 1409 2656 gravioribus
1427 2611 1572 2646 abiectis
1588 2611 1742 2656 solisque

272 2657 479 2701 pugionibus
512 2657 657 2691 retentis
681 2659 903 2702 transfugere
928 2658 1050 2699 iussit,
1081 2658 1142 2702 qui
1166 2659 1209 2691 ab
1233 2658 1446 2692 adversariis
1469 2668 1535 2702 pro
1557 2657 1742 2692 inermibus

274 2703 407 2748 accepti
434 2714 492 2736 eos
519 2714 562 2736 ex
585 2703 773 2749 improviso
798 2704 1082 2748 aggrederentur.
1700 2718 1704 2722 ·

411 2748 556 2782 Romani
591 2760 664 2783 cum
689 2749 893 2783 Hannibalis
924 2749 1113 2786 exercitum
1139 2759 1236 2782 mane
1259 2749 1294 2782 in
1320 2747 1500 2794 procinctu
1527 2752 1619 2782 stare
1642 2747 1741 2782 vide—
