1820 3120
315 111 411 156 222
786 109 959 153 IOANN
959 110 1010 153 IS
1033 110 1291 155 ZONARAE

441 222 490 266 ‘O
513 222 556 265 δ’
588 220 839 280 Ἀσδρούβας
861 222 1081 274 ἀπελπίσας
1101 223 1180 278 τὴν
1190 223 1368 280 Ἰβηρίαν
1390 224 1544 283 ἀπᾶραι
1565 229 1668 284 πρὸς
1689 228 1764 283 τὴν

305 291 475 334 Ἰταλίαν
515 289 714 345 ἐβούλετο.
781 293 849 335 καὶ
884 294 925 335 ἐν
959 296 1018 349 τῷ
1053 295 1218 346 χειμῶνι
1253 293 1600 348 συσκευασάμενος
1632 294 1654 338 ὁ
1689 298 1763 350 μὲν

308 358 487 415 ὥρμητο,
523 359 561 401 οἳ
593 360 638 401 δὲ
668 359 938 417 συστράτηγοι
971 360 1094 402 αὐτοῦ
1123 359 1226 402 κατὰ
1254 358 1395 416 χώραν
1416 362 1618 415 μείναντες
1636 364 1762 418 ἆσχο-
1813 395 1815 399 s

305 429 395 469 λίαν
426 431 484 485 τῷ
506 429 695 470 Σκιπίωνι
726 435 931 485 παρεῖχον,
967 427 1068 470 ὥστε
1093 427 1150 482 μὴ
1172 427 1242 470 τὸν
1265 427 1518 485 Ἀσδρούβαν
1538 431 1759 484 ἐπιδιῶξαι,

303 493 404 549 μήτε
426 498 509 545 τοῖς
532 496 573 537 ἓν
603 501 651 552 τῇ
664 497 825 555 Ἰταλίᾳ
852 494 1062 550 Ῥωμαίοις
1083 496 1340 553 ἐπικουφίσαι
1361 497 1431 538 τὸν
1453 496 1629 552 πόλεμον
1643 516 1758 556 γενο·
1772 512 1795 548 5

303 563 410 621 μένῳ
433 565 530 614 ἐκεῖ,
575 563 600 617 ἢ
625 563 726 619 πρὸς
747 564 819 618 τὴν
843 563 1089 620 Καρχηδόνα
1111 567 1292 606 πλεῦσαι.
1362 563 1384 606 ὅ
1416 565 1459 607 δὲ
1483 568 1658 609 :malm
1691 568 1762 611 τὸν

303 632 377 684 μὲν
404 630 660 687 ,Ἀσδρούβαν
695 632 768 673 οὐκ
802 632 1009 682 ἐπεδίωξε,
1062 632 1229 686 πέμψας
1267 632 1312 674 δὲ
1351 632 1656 689 δρομοκήρυκας
1684 635 1762 690 ’τὴν

303 697 507 753 πρόσοδον
531 699 656 741 αὐτοῦ
678 706 762 749 τοῖς
783 701 824 741 ἓν
844 704 898 756 τῇ
923 698 1058 756 Ῥώμῃ
1089 700 1144 741 δι’
1171 700 1305 742 αὐτῶν
1327 699 1606 758 προεκήρυξεν,
1640 703 1762 754 αὐτὸς

305 767 350 808 δὲ
381 770 459 809 τῶν
490 767 531 808 ἓν
555 769 694 823 χερσὶν
725 768 862 821 εἴχετο.
930 770 997 809 καὶ
1020 766 1126 822 ὁρῶν
1148 768 1242 818 τοὺς
1264 770 1464 819 ἐναντίους
1486 774 1668 825 πολλαχῆ
1690 775 1761 825 τῆς

251 846 281 880 Β
300 832 440 890 χώρας
462 832 600 885 ὄντας,
636 837 776 878 ἐδεδίει
803 834 862 890 μή
894 853 995 878 τισιν
1027 836 1159 879 αὐτῶν
1190 837 1413 892 προσμίξας
1435 839 1492 888 εἰς
1511 835 1555 880 (ἐν
1578 837 1758 889 ἅπαντας
1769 847 1815 884 10

303 900 506 957 συναγάγῃ
539 902 728 956 ἀλλήλοις
757 903 1105 960 ἐπικουρήσοντας.
1173 905 1294 955 αὐτὸς
1314 906 1387 958 μὲν
1409 900 1480 948 οὖν
1501 906 1759 962 ἐστράτευσεν

301 969 366 1010 ἐπ’
398 969 649 1026 Ἀσδρούβαν
679 971 748 1013 τὸν
780 973 821 1013 Γ
818 974 983 1027 ι’σγωνος
992 1003 1004 1023 ,
1039 971 1212 1014 Σιλανὸν
1246 974 1290 1014 δὲ
1324 974 1377 1022 ἔς
1396 975 1666 1031 Κελτιβηρίαν
1695 976 1758 1017 ἐπὶ

301 1039 514 1092 Μαγῶνα,
549 1040 614 1080 καὶ
647 1037 832 1082 Λούκιον
867 1041 1071 1082 Σκιπίωνα
1101 1040 1172 1082 τὸν
1206 1040 1383 1097 ἀδελφὸν
1416 1042 1462 1091 ἐς,
1489 1043 1758 1086 Βαστιτανίαν

299 1103 488 1159 ἔπεμψεν.
522 1106 567 1155 ὃς
590 1108 736 1162 ἐκείνην
759 1125 801 1150 τε
825 1109 986 1165 πολέμῳ
1003 1109 1188 1163 κατέσχε,
1213 1110 1278 1150 καὶ
1296 1109 1364 1151 τὸν
1382 1111 1573 1165 Μαγῶνα
1589 1111 1756 1166 ἐνίκησε,

299 1175 364 1215 καὶ
402 1172 584 1230 φεύγοντι
622 1176 731 1233 αὐτῷ
765 1176 868 1233 πρὸς
902 1176 970 1218 τὸν
999 1175 1252 1232 Ἀσδρούβαν
1286 1176 1620 1234 ἐπακολουθήσας
1649 1174 1754 1234 ἦλθε
1766 1188 1809 1224 15

297 1241 398 1297 πρὸς
421 1242 490 1283 τὸν
508 1245 734 1294 Σκιπίωνα,
767 1243 888 1298 μήπω
910 1245 1036 1298 μηδὲν
1060 1246 1416 1301 διαπεπραγμένον.
1743 1287 1745 1289 ,

430 1309 658 1353 Ἐλθόντων
682 1307 751 1354 οὖν
774 1317 845 1354 τοῦ
875 1329 916 1354 τε
940 1314 1146 1367 Μαγῶνος
1175 1314 1277 1369 πρὸς
1307 1315 1376 1356 τὸν
1401 1311 1655 1370 Ἀσδρούβαν
1687 1316 1756 1356 καὶ

297 1381 372 1419 τοῦ
392 1379 578 1420 Λουκίου
603 1379 703 1434 πρὸς
724 1380 792 1421 τὸν
817 1380 993 1437 ἀδελφὸν
1015 1380 1084 1422 τὸν
1107 1382 1333 1433 Σκιπίωνα,
1367 1381 1418 1424 τὰ
1439 1382 1512 1435 μὲν
1534 1385 1674 1439 πρῶτα
1696 1386 1756 1439 τῷ

300 1445 450 1502 ἱππικῷ
482 1448 748 1497 καταθέοντες
779 1450 833 1498 εἷς
863 1447 914 1490 τὰ
944 1449 1059 1490 πεδία
1094 1447 1350 1503 διεμάχοντο,
1397 1447 1482 1492 εἶτα
1504 1451 1571 1492 καὶ
1593 1448 1674 1507 ὅλῳ
1696 1455 1755 1508 τῷ

101 1544 148 1578 W
169 1541 205 1577 n
228 1496 275 1578 33
299 1512 568 1570 στρατεύματι
591 1515 990 1572 ἀντιπαρετάσσοντο,
1025 1515 1072 1558 ού
1103 1517 1185 1570 μὴν
1217 1519 1283 1559 καὶ
1314 1515 1523 1572 ἐμάχοντο.
1589 1519 1658 1560 καὶ
1688 1519 1807 1563 {nmo

297 1583 455 1632 πλείους
477 1581 629 1638 ἡμέρας
650 1589 767 1626 τοῦτο
791 1585 957 1639 ἐγίνετο·
992 1588 1199 1639 συμβολῆς
1228 1586 1275 1627 δέ
1296 1603 1389 1628 ποτε
1419 1585 1629 1641 γενομένης
1650 1587 1690 1628 οῗ
1709 1604 1752 1629 τε

295 1648 501 1704 σύμμαχοι
531 1656 610 1694 τῶν
632 1654 922 1710 Καρχηδονίων
945 1654 1011 1694 καὶ
1035 1654 1148 1695 αὐτοὶ
1172 1654 1310 1696 ἐκεῖνοι
1331 1652 1581 1709 ἡττήθησαν,
1614 1656 1682 1696 καὶ
1705 1655 1751 1697 τὸ

385 1803 408 1837 3
430 1801 624 1848 στρατηγοὶ
646 1805 689 1838 Α.
829 1805 850 1837 5
874 1802 1055 1852 γενομένῳ
1078 1805 1152 1849 AB,
1174 1801 1351 1848 γινομένῳ
1375 1805 1420 1849 C,
1442 1787 1646 1850 γινομένοις
1658 1806 1750 1842 PW.

385 1893 409 1928 8
431 1875 604 1938 ἐξήρυξεν
627 1895 670 1928 A.
764 1894 809 1928 10
830 1906 885 1933 τις
908 1895 950 1931 C.
1043 1893 1087 1930 18
1109 1890 1155 1928 voi
1177 1891 1244 1939 μὲν
1267 1895 1395 1938 πρῶτα
1411 1907 1463 1931 om
1478 1896 1520 1933 A.
1591 1895 1636 1932 19
1652 1892 1689 1936 ἐς
1702 1897 1745 1932 Β.

384 1940 431 1974 20
454 1936 812 1985 α’ντεπαρετάσσοντο
834 1940 907 1975 ΑΒ.
1021 1941 1064 1976 21
1091 1938 1285 1986 γενομένης
1303 1942 1377 1988 AB,
1398 1938 1590 1987 γινομένης
1611 1943 1700 1978 PW.

427 2075 646 2109 Hasdrubale
670 2076 852 2122 desperata
875 2076 1044 2122 Hispania
1066 2078 1102 2111 in
1125 2077 1260 2112 Italiam
1282 2076 1439 2121 abituro,
1467 2079 1507 2111 et
1535 2076 1646 2117 hieme
1675 2078 1746 2112 col·

289 2121 391 2155 lectis
414 2121 506 2155 vasis
531 2121 749 2166 discedente,
784 2123 857 2157 eius
879 2123 1031 2168 collegae
1054 2123 1128 2157 loco
1153 2134 1220 2156 non
1241 2127 1368 2156 mutato
1391 2122 1562 2167 negotium
1586 2122 1745 2168 Scipioni

290 2168 521 2210 facessebant,
557 2173 596 2200 ut
618 2179 729 2212 neque
754 2169 1002 2203 Hasdrubalem
1026 2173 1290 2214 persequeretur
1313 2179 1424 2214 neque
1445 2169 1482 2202 in
1505 2168 1638 2203 Italiam
1660 2181 1745 2214 pro-

289 2214 404 2246 fectus
429 2213 600 2246 Romanos
633 2215 714 2248 belli
748 2221 850 2259 parte
871 2215 1005 2248 levaret
1028 2226 1138 2259 neque
1163 2213 1407 2258 Carthaginem
1425 2213 1618 2248 traiiceret.
1663 2214 1745 2248 Sci-

289 2258 349 2302 pio
381 2258 631 2292 Hasdrubalem
664 2261 844 2294 abeuntem
878 2272 945 2294 non
977 2265 1030 2294 est
1057 2264 1282 2305 persecutus,
1315 2260 1376 2294 ned
1399 2271 1462 2305 per
1484 2270 1644 2294 cursores
1667 2261 1743 2294 eins

289 2304 442 2337 adventu
468 2304 606 2338 Romam
630 2307 805 2350 nuntiato,
839 2318 881 2340 ea
907 2318 994 2351 quae
1017 2312 1150 2351 tempus
1176 2305 1369 2352 postulabat
1392 2305 1660 2340 administravit.
1706 2310 1744 2340 et

289 2350 370 2394 quia
401 2349 541 2383 videbat
571 2351 688 2385 hostes
720 2352 754 2385 in
778 2352 957 2397 provincia
981 2352 1087 2385 variis
1110 2352 1197 2386 locis
1219 2351 1392 2396 dispersos
1415 2362 1513 2393 esse,
1546 2351 1676 2386 veritus
1698 2362 1744 2385 ne

287 2396 333 2429 ab
357 2395 473 2440 aliquo
498 2407 614 2429 omnes
639 2408 754 2431 eorum
780 2399 901 2443 copiae
924 2399 960 2431 in
985 2409 1084 2432 unum
1107 2397 1391 2439 conducerentur,
1413 2397 1491 2440 ipse
1509 2402 1631 2431 contra
1647 2397 1741 2431 Has-

287 2441 464 2475 drubalem
488 2441 655 2486 Gisgonis
684 2443 789 2477 filium
823 2451 878 2478 est
909 2445 1105 2489 profectus,
1140 2443 1292 2477 Silanum
1315 2442 1353 2475 in
1377 2442 1600 2477 Celtiberiam
1623 2446 1742 2476 contra

287 2487 483 2531 Magonem,
509 2487 549 2521 L.
572 2488 766 2533 Scipionem
790 2490 934 2523 fratrem
957 2489 992 2523 in
1017 2489 1241 2522 Bastitaniam
1263 2487 1365 2524 misit.
1399 2488 1460 2532 qui
1483 2491 1520 2522 et
1539 2488 1629 2522 illam
1650 2487 1742 2521 bello

290 2533 394 2577 cepit,
420 2538 456 2566 et
482 2532 661 2578 Magonem
685 2535 788 2577 vicit,
823 2546 966 2580 eumque
989 2534 1032 2568 ad
1055 2534 1307 2568 Hasdrubalem
1328 2534 1515 2579 fugientem
1536 2537 1740 2578 persecutus

289 2578 333 2611 ad
357 2578 555 2622 Scipionem
579 2579 704 2622 rediit,
729 2581 788 2625 qui
812 2582 959 2615 nondum
983 2580 1159 2626 quicquam
1182 2583 1357 2624 gesserat.v
1500 2603 1503 2609 ι
1563 2583 1565 2585 ’
1617 2603 1620 2609 -

426 2624 511 2658 Cum
534 2624 638 2670 Mago
663 2627 706 2659 ad
730 2626 994 2670 Hasdrubalem,
1014 2625 1143 2660 Lucius
1167 2627 1211 2659 ad
1234 2627 1379 2659 fratrem
1399 2623 1596 2669 Scipionem
1619 2623 1739 2658 venis-

288 2672 362 2711 set,
392 2669 536 2713 primum
570 2671 726 2716 equitatu
755 2673 792 2706 in
824 2672 1214 2717 camposdec'urrentes
1238 2671 1462 2714 dimicabant,
1498 2669 1622 2703 deinde
1644 2674 1740 2703 toton

287 2714 460 2749 exercitus
484 2717 739 2752 instruxerunt:
763 2730 828 2753 nec
850 2723 964 2752 tamen
987 2717 1032 2752 ad
1053 2719 1170 2751 menos
1192 2721 1422 2751 ventumssest.
1467 2713 1572 2760 idque
1587 2726 1649 2770 per
1664 2715 1739 2748 dieo

286 2760 478 2805 complures
512 2763 654 2797 factum.
701 2764 762 2798 sed
798 2764 981 2809 aliquando
1010 2774 1126 2808 pugna
1159 2762 1357 2808 commissa,
1391 2760 1739 2806 Carthaginiensibus
