1820 3120
265 115 368 162 490
744 111 973 156 IOANNIS
1003 111 1265 155 ZONARAE

264 226 530 284 ἀνηγόρευσεν
553 224 677 269 αὐτὸν
701 222 997 281 αὐτοκράτορα.
1054 224 1359 275 Οὐεσπασιανὸς
1381 226 1425 268 δὲ
1445 230 1565 284 τοῦτο
1586 227 1744 282 μαθὼν

263 297 334 340 τὸν
355 296 428 349 μὲν
451 298 523 349 τῆς
540 294 693 350 Συρίας
715 291 936 350 ἡγούμενον
953 293 1196 335 Μουκιανὸν
1220 295 1274 344 εἷς
1296 293 1369 348 τὴν
1386 294 1559 339 Ἰταλίαν
1581 294 1646 339 ἐπὶ
1669 295 1742 339 τὸν

208 373 239 408 C
269 365 498 408 Οὐϊτέλλιον
522 361 714 417 ἔπεμψεν.
781 361 847 405 ὅτε
879 363 947 403 καὶ
979 362 1049 403 τὸν
1076 360 1267 418 Ἑβραῖον
1293 361 1504 418 Ἰώσηπον,
1538 358 1584 415 ὅς
1615 364 1742 408 αὐτὸν

260 431 316 476 ἔτι
342 434 489 483 ζῶντος
510 435 584 473 τοῦ
608 431 799 486 Νέρωνος
832 428 1114 486 αὐτοκράτορα
1145 437 1373 488 προσειπεῖν
1407 428 1635 488 ἐθάρρησε,
1654 434 1741 476 ,δε-ο

260 499 425 556 σμῶτην
448 498 545 541 ὄντα
568 499 625 542 ἔτι
649 499 749 556 παρ’
779 498 890 556 αὐτῷ
911 500 978 540 καὶ
1004 497 1275 553 αἰχμάλωτον,
1310 500 1484 550 καλέσας
1517 499 1620 558 πρῦς
1641 499 1773 548 {av-5

258 566 343 620 τόν,
380 566 447 611 οἷα
481 565 889 625 προμαντευσάμενον
922 567 1034 625 αὐτῷ
1066 568 1141 622 τὴν
1176 565 1320 624 ἀρχήν,
1365 572 1547 623 λυθῆναι
1577 569 1739 613 uthina

259 641 335 681 τοῦ
365 637 410 679 δὲ
435 638 560 679 Τίτου
583 640 641 693 τῷ
664 638 785 693 πατρὶ
814 636 1107 694 Οὐεσπασιανῷ
1142 637 1296 679 δίκαιον
1331 633 1518 687 εἰπόντος’
1541 635 1641 680 εἶναι
1671 639 1747 680 καὶ

259 706 306 750 τὸ
331 704 484 755 ὄνειδος
506 705 548 755 ἐξ
565 703 764 758 Ἰωσήπου
787 704 1065 762 ἀφαιρεθῆναι
1089 704 1164 748 σὺν
1179 709 1238 763 τῷ
1255 704 1424 763 σιδήρῳ,
1448 709 1568 749 τοῦτο
1587 706 1628 749 δ’
1651 706 1740 750 {os-¹

259 778 364 818 σθαι
396 775 431 816 εἰ
458 772 517 828 μὴ
551 776 711 815 λυθῶσι
742 773 794 815 τὰ
827 773 958 828 δεσμὰ
992 774 1096 815 ἀλλὰ
1130 775 1389 826 ὃιακοπῶσιν,
1424 773 1447 817 ὃ
1479 775 1651 818 ἐπὶτῶν
1680 774 1740 830 μὴ

260 841 430 892 δεόντως
463 841 664 884 δεθέντων
698 840 939 898 πράττεται,
985 843 1223 885 συνευδοκεῖ
1254 844 1322 885 καὶ
1358 841 1380 886 ὃ
1419 842 1737 896 Οὐεσπασιανός,
1750 850 1797 888 10

259 913 327 954 καὶ
351 907 572 966 παρελθών
595 927 656 960 τις
679 910 843 964 διέκοψε
867 910 1022 953 πελέκει
1044 910 1117 965 τὴν
1142 909 1298 954 ἅλυσιν.

390 977 440 1021 Ὁ
461 978 540 1034 γὰρ
559 977 774 1033 Ἰώσηπος,
804 977 860 1028 ὡς
884 979 1007 1029 αὐτὸς
1029 979 1175 1029 ἐκεῖνος
1199 977 1409 1037 ἱστόρησεζ,
1439 976 1629 1035 χρησμόν
1649 994 1741 1023 τινα

260 1047 302 1090 ἐν
336 1045 573 1104 γράμμασιν
609 1046 730 1104 ἱεροῖς
765 1045 945 1103 εὑρηκὼς
979 1049 1179 1102 δηλοῦντα
1217 1046 1272 1098 ὥς
1307 1047 1417 1103 ἄρξει
1451 1065 1513 1098 τις
1548 1047 1628 1090 ἀπὸ
1667 1051 1741 1103 τῆς

254 1113 395 1172 χώρας
418 1115 552 1158 αὐτῶν
574 1120 648 1170 τῆς
670 1116 929 1170 οἶκουμένης,
965 1116 1033 1158 διὰ
1064 1116 1139 1166 τὰς
1170 1117 1212 1159 ἐν
1241 1121 1291 1173 τῇ
1321 1114 1458 1173 Ῥώμῃ
1489 1112 1650 1167 στάσεις
1671 1118 1740 1159 καὶ

258 1188 339 1227 τῶν
372 1185 456 1227 ἐκεῖ
480 1184 681 1237 βασιλέων
714 1183 789 1235 τὰς
823 1191 1002 1238 συνεχεῖς
1033 1184 1214 1240 ἀλλαγὰς
1247 1188 1302 1235 εἷς
1332 1183 1404 1228 τὸν
1431 1185 1738 1228 Οὐεσπασιανὸν
1749 1192 1794 1228 15

207 1261 240 1295 D
263 1253 399 1295 τείνειν
421 1251 616 1310 ὑπείληφε
639 1252 709 1296 τὸν
726 1252 928 1310 χρησμόν,
963 1254 1034 1295 καί
1061 1253 1100 1295 οἳ
1130 1253 1176 1296 τὸ
1207 1252 1354 1311 κράτος
1375 1252 1742 1310 προεμαντεύσατο.

260 1319 407 1364 τούτου
444 1322 487 1363 δὲ
518 1326 590 1364 τοῦ
618 1326 808 1377 χρησμοῦ
840 1322 1040 1376 μέμνηται
1071 1324 1139 1364 καὶ
1164 1322 1383 1372 Ἀππιανὸς
1414 1323 1455 1364 ἓν
1484 1326 1544 1379 τῷ
1573 1323 1742 1380 εἰκοστῷ

262 1390 436 1447 δευτέρῳ
459 1387 565 1447 λόγῳ
587 1395 661 1444 τῆς
677 1388 905 1444 Ῥωμαϊκῆς
927 1391 1107 1447 ἱστορίας
1139 1391 1278 1433 αὐτοῦ.
1347 1389 1595 1448 δικαιότερον
1618 1391 1659 1433 δ’
1689 1389 1741 1433 ἂν

259 1457 287 1512 ἢ
315 1457 468 1513 ἀληθὲς
489 1457 669 1512 μάλιστα
692 1460 905 1517 νομισθείη
928 1459 974 1501 τὸ
999 1459 1062 1500 ἐπὶ
1084 1458 1155 1501 τὸν
1178 1463 1344 1515 σωτῆρα
1366 1464 1440 1502 τοῦ
1464 1464 1546 1502 τῶν
1570 1456 1740 1517 ἀνθρώ-

259 1543 348 1570 πων
369 1527 508 1583 γένους
530 1526 599 1569 τὸν
622 1525 761 1584 κύριον
786 1528 943 1581 Ἰησοῦν
965 1526 1150 1585 Χριστὸν
1171 1527 1241 1570 τὸν
1260 1527 1446 1584 χρησμὸν
1468 1528 1794 1586 ε’κληφθῆναι.20

352 1666 373 1700 1
399 1660 515 1700 αὐτὸν
541 1663 788 1711 ἀνηγόρευσεν
809 1666 852 1701 Β.
989 1667 1013 1701 2
1035 1666 1102 1710 τῆς
1117 1666 1259 1708 Συρίας
1279 1663 1487 1711 ἡγούμενον
1508 1679 1552 1702 ex
1574 1667 1736 1713 Iosepho,

353 1715 394 1746 ut
415 1712 571 1747 videtur.
708 1713 731 1748 3
754 1709 815 1746 ὅτε
839 1709 903 1746 καὶ
926 1732 972 1738 —-
997 1714 1040 1747 ll
1064 1709 1133 1755 τὴν
1156 1709 1299 1756 ἅλυσιν]
1328 1713 1468 1758 Iosephi
1492 1714 1536 1748 de
1558 1714 1652 1748 bello
1679 1713 1737 1747 Iu-

352 1757 455 1791 daico
479 1757 541 1792 lib.
565 1758 589 1793 4
612 1769 688 1815 cap.
717 1758 762 1791 10
785 1757 801 1800 §
827 1756 861 1794 7.
1002 1759 1024 1793 5
1049 1755 1101 1791 ἔτι
1123 1755 1216 1792 ὄντα
1239 1758 1312 1794 ΑΒ.
1466 1756 1623 1799 καλέσας
1644 1756 1740 1802 πρὸς

354 1797 491 1837 ἔαυτόν
515 1807 599 1849 post
621 1815 690 1847 την
713 1800 833 1847 οἷρχήν
857 1802 900 1838 Α.
1043 1804 1087 1837 10
1110 1802 1130 1838 ὁ
1157 1816 1212 1837 om
1236 1804 1279 1838 A.
1420 1804 1463 1838 11
1485 1802 1540 1839 ‘0
1562 1801 1633 1849 γὰρ
1658 1802 1736 1839 Ἰώ-

352 1858 470 1892 σηπος
493 1869 536 1875 -
562 1863 596 1895 p.
623 1850 692 1886 491
718 1861 755 1884 v.
780 1849 801 1884 6
825 1846 969 1893 πέρατα
995 1850 1062 1894 τῆς
1087 1850 1171 1895 γῆς]
1208 1850 1329 1884 horum
1352 1850 1501 1896 plurima
1524 1861 1568 1885 ex
1589 1851 1736 1885 Eusebii

351 1895 448 1930 Hist.
475 1895 559 1929 eccl.
583 1895 643 1930 lib.
666 1896 689 1930 3
712 1907 790 1941 cap.
814 1894 849 1929 8.
976 1896 1020 1931 16
1043 1893 1387 1939 προεμαντεύσαντο
1409 1896 1483 1933 Bc.
1602 1896 1646 1933 17
1670 1896 1738 1931 τοῦ

351 1941 510 1985 ABCW,
543 1953 596 1975 om
620 1942 662 1977 P.
802 1938 956 1985 εἰκοστῷ
984 1939 1166 1987 δευτέρῳ]
1197 1941 1228 1975 is
1252 1942 1340 1976 enim
1362 1942 1450 1976 liber
1472 1937 1737 1977 ἕκατονταετίοι

351 1986 541 2032 inscriptus
565 1999 621 2021 res
647 1988 710 2021 sub
734 1987 1005 2033 imperatoribus
1028 1994 1145 2032 gestas
1172 1999 1282 2032 usque
1304 1988 1347 2022 ad
1372 1987 1520 2022 Traiani
1549 1990 1626 2023 fere
1648 1994 1735 2022 tem-

350 2044 439 2078 pora
462 2033 674 2068 continebat.
862 2032 907 2067 18
930 2030 1117 2079 ρωμαϊκῆς
1142 2031 1306 2079 ἴστορίας
1327 2030 1445 2068 αὐτοῦ
1465 2035 1546 2078 ΑΒ,
1571 2031 1737 2079 ἱστορίας

351 2075 473 2113 αὐτοῦ
496 2079 691 2124 Ρωμαϊκῆς
712 2079 804 2114 PW.
948 2079 992 2115 19
1014 2075 1072 2124 τὸ]
1096 2079 1164 2113 τοῦ
1185 2079 1228 2115 Α.

258 2206 316 2236 tus
341 2203 397 2236 est
415 2203 619 2248 imperator.
656 2202 781 2237 deinde
804 2202 1004 2237 Mucianum
1027 2201 1154 2245 Syriae
1178 2204 1371 2246 praetorem
1391 2201 1429 2235 in
1453 2201 1588 2236 Italiam
1614 2205 1736 2236 contra

258 2248 436 2282 Vitellium
461 2248 583 2284 mittit.
611 2259 680 2293 quo
706 2255 864 2294 tempore
888 2249 1072 2293 Iosephum
1098 2248 1306 2289 Hebraeum,
1333 2259 1433 2293 quem
1456 2247 1598 2282 vivente
1621 2245 1735 2282 adhuc

258 2294 403 2328 Nerone
437 2294 679 2339 imperatorem
712 2307 750 2329 se
784 2294 962 2339 appellare
996 2305 1139 2337 ausum,
1176 2294 1351 2339 captivum
1383 2293 1495 2328 adhuc
1525 2293 1564 2327 in
1589 2294 1735 2328 vinculis

258 2341 416 2382 tenebat,
441 2341 484 2374 ob
510 2352 586 2374 eam
608 2340 857 2375 divinationem
880 2340 972 2374 solvi
995 2339 1109 2374 iussit.
1142 2339 1227 2374 Tito
1251 2350 1334 2373 vero
1361 2340 1524 2374 hortante
1547 2344 1588 2374 ut
1610 2340 1642 2374 ei
1667 2351 1736 2374 una

259 2397 335 2419 cum
358 2387 454 2419 ferro
480 2386 585 2421 etiam
609 2386 800 2430 ignominia
822 2388 1020 2421 demeretur
1042 2386 1154 2430 (quod
1177 2385 1285 2419 fiebat
1307 2395 1384 2419 cum
1407 2385 1549 2419 vincula
1570 2397 1639 2420 non
1663 2385 1734 2419 sol-

259 2432 435 2466 vebantur
457 2432 520 2466 sed
543 2433 828 2475 dissecabantur,
869 2437 974 2477 atque
997 2433 1034 2466 in
1058 2443 1118 2465 eos
1142 2431 1377 2476 usurpabatur
1400 2431 1460 2476 qui
1485 2442 1550 2477 per
1572 2430 1732 2467 iniuriam

259 2477 372 2512 vincti
386 2478 537 2523 essent),
561 2480 780 2524 approbante
795 2477 1015 2524 Vespasiano
1035 2478 1174 2523 quidam
1197 2475 1310 2511 securi
1332 2481 1489 2512 catenam
1507 2477 1688 2512 dissecuit.

398 2546 569 2592 Iosephus
593 2546 705 2589 enim,
738 2551 777 2580 ut
808 2547 886 2593 ipse
919 2549 1057 2590 narrat,
1094 2557 1169 2580 oum
1199 2545 1236 2579 in
1270 2545 1379 2580 sacris
1404 2545 1534 2580 litteris
1558 2544 1731 2579 oraculum

261 2592 497 2635 repperisset,
522 2592 602 2626 fore
625 2596 664 2627 ut
687 2592 826 2636 quidam
848 2604 892 2626 ex
914 2593 1043 2627 Iudaea
1067 2592 1144 2627 orbi
1166 2597 1337 2626 terrarum
1358 2591 1566 2636 imperaret,
1589 2591 1627 2624 id
1651 2601 1732 2625 ora-

261 2636 374 2670 culum
399 2638 442 2671 ob
466 2637 698 2672 Romanorum
729 2638 920 2673 seditiones
953 2644 990 2674 et
1017 2639 1261 2684 imperatorum
1290 2639 1495 2682 frequentes
1521 2636 1736 2671 mutationes

261 2681 306 2715 ad
329 2683 579 2727 Vespasianum
601 2684 759 2728 rettulit,
796 2684 900 2729 eique
930 2685 1143 2719 vaticinatus
1174 2687 1230 2717 est
1261 2683 1455 2728 imperium.
1502 2683 1578 2717 eius
1600 2682 1734 2717 oraculi

261 2728 416 2761 meminit
438 2730 543 2763 etiam
567 2731 747 2775 Appianus
771 2731 955 2765 Historiae
978 2732 1156 2765 Romanae
1178 2729 1265 2763 libro
1289 2730 1347 2764 2⁴2.
1393 2728 1524 2763 rectius
1554 2732 1668 2763 autem
1692 2739 1734 2762 ac

262 2773 444 2808 verissime
466 2775 500 2808 id
525 2777 699 2810 oraculum
723 2776 768 2811 de
790 2782 973 2812 servatore
996 2776 1134 2812 humani
1164 2775 1304 2820 generis
1327 2774 1461 2810 domino
1485 2774 1566 2810 Iesu
1590 2774 1733 2809 Christo
1800 2789 1804 2794 ·
