1820 3120
254 92 356 139 488
730 60 962 133 lomls
996 89 1260 133 zoNARAE

255 204 374 250 ὁπότε
397 204 500 260 πρὸς
521 201 682 246 πάντων
700 200 956 259 ὡμολόγηται
974 200 1048 245 δύο
1065 200 1274 259 μυριάδας
1289 198 1502 269 μυριάδων
1517 203 1585 246 καὶ
1597 203 1734 259 χιλίας

254 273 518 321 πεντακοσίας
550 273 591 314 ἐν
625 275 682 330 τῷ
715 275 790 326 τῆς
823 272 952 326 ἀρχῆς
983 271 1110 313 αὐτοῦ
1135 269 1274 329 χρόνῳ
1307 271 1347 320 ἐς
1369 270 1421 313 τὰ
1444 272 1585 315 δεῖπνα
1609 272 1734 316 αὐτὸν

259 339 590 394 δεδαπανηκέναι.
658 337 852 390 πολλάκις
875 340 919 382 δὲ
942 341 1009 381 καὶ
1032 339 1132 395 παρ’
1161 338 1300 389 ἄλλοις
1330 338 1525 391 εἱστιᾶτο,
1544 340 1628 383 ’καὶ
1660 344 1734 396 τῆς

204 413 236 447 C
259 409 385 463 αὐτῆς
416 406 571 464 ἡμέρας
594 406 710 450 ἄλλοι
740 409 813 461 μὲν
836 407 1140 464 ἀκρατίσασθαι
1164 413 1356 464 παρεῖχον
1379 406 1489 465 αὐτῷ
1499 439 1514 460 ,
1548 406 1664 451 ἄλλοι
1687 409 1732 451 δὲ

257 477 497 534 ἀριστῆσαι,
527 477 654 532 ἕτεροι
686 476 729 518 δὲ
761 478 932 528 δεῖπνον,
966 477 1032 518 καὶ
1064 476 1191 534 ἕτεροι
1221 473 1474 534 μεταδόρπιά
1503 492 1594 520 τινα
1624 480 1765 533 πλη-5

256 550 410 601 σμονῆς
432 543 694 601 παραμύθια.

398 612 517 656 Οὕτω
538 614 582 655 δὲ
603 612 720 666 βιούς
743 611 815 653 οὐκ
840 609 1011 668 ἄμοιρος
1031 604 1081 665 ἦν
1105 607 1337 654 παντάπασι
1355 612 1421 653 καὶ
1440 609 1733 669 καλῶνῖργων.

255 679 302 725 τό
326 698 368 724 τε
390 681 468 738 γὰρ
493 682 555 723 ἐπὶ
578 681 769 738 Νέρωνος
792 681 858 722 καὶ
885 679 930 722 τὸ
956 680 1019 721 ἐπὶ
1042 680 1083 720 Γ
1080 677 1209 732 άλβου
1233 684 1305 722 τοῦ
1328 696 1371 722 τε
1393 678 1582 730 ’Όθωνος
1612 681 1733 723 κοπέν

255 749 436 804 νόμισμα
459 748 663 806 ἐτήρησεν,
701 748 774 790 οὐκ
801 748 1037 804 ἀγανακτῶν
1072 754 1161 797 ταῖς
1192 746 1341 790 εἰκόσιν
1372 748 1526 791 αὐτῶν·
1561 749 1630 791 καὶ
1653 747 1734 792 ὅσα

255 820 358 861 τισὶν
390 816 637 875 ἐδεδώρηντο
669 815 868 874 ἐφύλαξε,
900 816 1056 870 μηδένα
1085 817 1213 870 μηδὲν
1243 813 1513 873 ἀφελόμενος·
1547 817 1614 859 καὶ
1638 815 1728 860 οὔτε
1742 826 1789 862 10

254 888 307 928 τὰ
332 887 374 928 ἐκ
397 890 478 929 τῶν
510 890 744 929 συντελειῶν
774 885 1060 943 ἐποφληθέντα
1092 882 1295 941 ἀπῄτησεν
1327 883 1418 928 οὕτε
1453 885 1594 928 οὐσίαν
1625 885 1733 936 τινὸς

255 951 485 1009 ἐδήμευσεν,
509 954 667 1010 ὀλίγους
689 954 763 1007 μὲν
785 952 891 996 πάνυ
914 952 1068 996 mmcd
1084 952 1273 1003 ’Όθωνος
1290 951 1529 1010 πραξάντων
1546 953 1734 997 ἀποκτεί-

253 1041 347 1075 νας,
382 1024 487 1078 μηδὲ
521 1023 596 1073 τὰς
631 1023 787 1065 ἐκείνων
824 1022 962 1076 μέντοι
997 1021 1137 1071 οὐσίας
1172 1021 1267 1072 τούς
1301 1019 1580 1079 προσήκοντας
1615 1026 1733 1079 σφῶν

202 1095 234 1130 D
258 1089 550 1149 ἀποστερήσας.
619 1092 686 1133 καὶ
716 1096 799 1140 τοῖς
829 1091 988 1140 οῗκειόις
1021 1090 1064 1132 δὲ
1096 1093 1177 1133 τῶν
1201 1087 1398 1147 πρότερόν
1420 1107 1516 1133 ποτε
1539 1093 1734 1133 θανατω-

252 1160 410 1204 θέντων
432 1157 667 1217 ἐδωρήσατο
690 1156 822 1201 πάντα
846 1157 922 1202 ὅσα
945 1158 1001 1201 ἔτι
1028 1159 1069 1200 ἐν
1092 1162 1151 1216 τῷ
1175 1160 1357 1217 δημοσίῳ
1383 1157 1563 1215 εὕρηντο.
1633 1157 1727 1202 ἀλλ’
1741 1169 1788 1206 15

255 1229 349 1271 οὐδὲ
380 1228 455 1279 τὰς
489 1227 694 1283 διαθήκας
717 1232 798 1270 τῶν
822 1225 1225 1282 ἀντιπολεμησάντων
1248 1227 1360 1285 αὐτῷ
1382 1229 1450 1270 καὶ
1472 1228 1514 1269 ἐν
1539 1233 1626 1278 ταῖς
1647 1224 1732 1282 μά-

248 1314 345 1353 χαις
366 1294 568 1340 πεσόντων
591 1295 802 1354 ᾐτιάσατο.
863 1294 1113 1353 ἀπηγόρευσε
1139 1296 1184 1338 δὲ
1206 1297 1272 1338 καὶ
1296 1301 1380 1346 τοῖς
1402 1299 1642 1349 βουλευταῖς
1663 1297 1733 1339 καὶ

252 1371 337 1416 τοῖς
361 1366 522 1408 ἱππεῦσι
544 1371 789 1420 μονομαχεῖν
810 1363 837 1420 ἢ
860 1366 902 1407 ἐν
925 1363 1135 1424 ὀρχήστρᾳ
1156 1364 1261 1407 θέαν
1284 1363 1373 1407 τινὰ
1395 1364 1595 1422 παρέχειν.
1663 1365 1733 1407 καὶ

253 1433 324 1476 διὰ
346 1439 475 1476 ταῦτα
499 1435 692 1490 ἐπῃνεῖτο.

384 1501 474 1544 Ἐπὶ
506 1500 664 1555 τούτοις
693 1499 874 1556 ἠγγέλθη
907 1498 1017 1556 αὐτῷ
1051 1496 1076 1553 ἦ
1112 1499 1153 1540 ἐν
1177 1498 1356 1558 Ἰουδαίᾳ
1386 1499 1481 1543 κατ’
1509 1497 1788 1544 02231027371-20
1819 1503 1820 1519 ¹

253 1568 486 1621 ανάστασις.
556 1572 625 1613 καὶ
657 1571 796 1620 δεινῶς
829 1569 1030 1611 κατέδεισε
1056 1568 1113 1609 δι’
1145 1565 1284 1623 αὐτήν,
1320 1566 1455 1612 ἄλλων
1477 1585 1519 1611 τε
1542 1566 1732 1623 συμβάν-

343 1733 364 1768 1
388 1732 518 1778 χιλίας]
541 1731 720 1777 δισχιλίας
736 1731 949 1786 Xiphilinus,
972 1735 1090 1766 recte.
1115 1742 1192 1766 nam
1215 1731 1364 1766 Tacitus
1388 1729 1651 1777 (Historiarum
1667 1730 1730 1766 lib.

342 1779 366 1813 2
390 1790 469 1823 cap.
494 1778 557 1834 95)
581 1779 701 1812 novies
726 1778 838 1812 milies
861 1779 1076 1812 sestertium.
1128 1778 1174 1811 cf.
1198 1781 1316 1811 annot.
1463 1779 1486 1812 5
1510 1775 1575 1812 καὶ
1597 1774 1730 1822 ἕτεροι]

347 1822 466 1867 ετεροι
485 1820 527 1859 δε
542 1824 587 1859 Α.
682 1823 704 1860 7
725 1820 833 1858 Οὕτω
856 1820 899 1857 δὲ
920 1843 966 1849 —-
992 1823 1035 1858 19
1060 1818 1232 1868 ἐπῃνεῖτο
1259 1835 1313 1858 om
1337 1823 1404 1858 Dio
1430 1834 1506 1859 exc.
1614 1825 1658 1859 15
1675 1820 1730 1858 ἔτι

343 1871 411 1905 add
436 1871 510 1906 AB.
650 1870 697 1905 20
717 1865 800 1904 Ἐπὶ
823 1866 971 1910 τούτοις
994 1889 1040 1894 -
1065 1835 1130 1903 21η
1133 1865 1188 1902 δι’
1213 1866 1333 1914 αὐτήν
1358 1881 1413 1904 om
1435 1869 1504 1904 Dio
1533 1879 1612 1904 exc.

252 2020 377 2061 moret,
402 2027 478 2050 cum
502 2015 599 2050 inter
621 2027 740 2052 omnes
765 2019 905 2051 constet
929 2027 1005 2050 eum
1028 2015 1165 2061 imperii
1189 2016 1242 2050 sui
1264 2018 1421 2060 tempore
1442 2016 1499 2050 bis
1521 2014 1632 2050 milies
1647 2027 1730 2050 cen-

250 2062 318 2096 ties
343 2062 576 2107 quinquagies
601 2067 747 2096 centena
770 2063 863 2097 milia
887 2063 1123 2096 drachmarum
1147 2062 1183 2096 in
1207 2073 1311 2095 cenas
1334 2061 1575 2106 insumpsisse.
1622 2073 1729 2116 saepe

251 2108 355 2142 etiam
383 2108 475 2153 apud
498 2108 585 2142 alios
608 2108 815 2142 convivatus
839 2112 911 2142 est·
939 2108 1129 2153 eodemque
1153 2107 1209 2142 die
1231 2107 1320 2141 alius
1345 2108 1378 2141 ei
1394 2108 1615 2151 ientaculum,
1639 2107 1728 2142 alius

251 2154 447 2200 prandium,
472 2154 560 2188 alius
585 2165 716 2199 cenam,
743 2154 831 2189 alius
855 2154 1000 2189 bellaria
1022 2158 1103 2198 post
1125 2165 1244 2188 cenam
1268 2153 1313 2188 ad
1335 2153 1528 2188 leniendam
1551 2154 1728 2200 crapulam

277 2200 502 2234 raebuerunt.

251 2211 275 2244 p
391 2245 489 2279 Inter
520 2244 607 2279 haec
638 2244 725 2279 vitia
756 2245 908 2279 virtutes
941 2244 974 2279 ei
1007 2255 1074 2278 non
1109 2244 1309 2279 defuerunt.
1357 2248 1528 2278 monetam
1551 2243 1640 2278 enim
1664 2244 1728 2279 sub

252 2290 396 2324 Nerone
421 2291 537 2325 Galba
561 2290 703 2324 Othone
735 2302 932 2336 percussam
961 2290 1129 2333 retinuit,
1162 2289 1370 2334 imaginibus
1405 2301 1523 2324 eorum
1554 2290 1641 2324 nihil
1674 2291 1731 2324 of-

254 2337 396 2377 fensus3
434 2342 470 2371 et
495 2347 593 2391 quae
624 2337 800 2391 aliquibus
835 2337 964 2371 donata
993 2337 1151 2378 fuerant,
1183 2335 1295 2370 omnia
1325 2340 1404 2370 rata
1436 2335 1578 2379 habuit,
1614 2347 1730 2380 neque

254 2382 412 2426 cuiquam
446 2382 629 2436 quicquam
663 2382 815 2427 eripuit3
852 2394 966 2427 neque
998 2394 1040 2416 ea
1074 2393 1164 2427 quae
1195 2393 1239 2415 ex
1273 2381 1592 2416 contributionibus
1625 2382 1731 2415 debe-

253 2429 382 2461 bantur
422 2428 560 2473 exegit,
610 2439 725 2473 neque
764 2428 964 2473 cuiusquam
1002 2429 1095 2462 bona
1132 2427 1352 2473 publicavit,
1399 2427 1521 2472 paucis
1559 2427 1731 2462 duntaxat

254 2473 478 2508 Othonianae
509 2473 675 2508 factionis
710 2474 856 2508 occisis.
901 2485 1015 2518 neque
1046 2478 1162 2507 tamen
1195 2484 1315 2507 eorum
1346 2474 1436 2507 bona
1469 2473 1629 2518 cognatis
1660 2472 1731 2506 eri-

254 2518 346 2564 puit.
394 2531 512 2553 eorum
543 2518 629 2553 item
660 2520 818 2564 cognatis
852 2520 912 2564 qui
947 2520 1042 2565 prius
1076 2518 1181 2552 occisi
1204 2519 1343 2553 fuerant
1366 2531 1408 2552 ea
1430 2519 1591 2553 restituit
1613 2517 1731 2553 omnia

254 2576 346 2618 quae
371 2565 483 2599 adhuc
512 2565 550 2599 in
581 2565 720 2610 publico
744 2565 1019 2610 reperiebantur.
1068 2575 1181 2608 neque
1204 2568 1415 2599 testamenta
1437 2564 1730 2607 adversariorum,

254 2609 314 2654 qui
348 2610 385 2643 in
420 2611 510 2645 bello
547 2611 766 2653 ceciderant,
805 2611 1044 2656 reprehendit.
1091 2609 1206 2644 vetuit
1235 2622 1278 2644 ne
1306 2615 1488 2645 senatores
1521 2615 1559 2645 et
1590 2609 1728 2654 equites

252 2655 291 2688 in
315 2666 420 2689 arena
443 2661 640 2701 pugnarent
664 2662 726 2691 aut
749 2657 786 2691 in
810 2657 989 2691 orchestra
1011 2668 1050 2692 se
1071 2656 1279 2702 spectandos
1302 2658 1526 2701 praeberent.
1552 2659 1659 2701 atque
1682 2655 1726 2690 ob

253 2700 341 2737 haec
366 2700 585 2737 laudabatur.

388 2746 560 2783 Nuntiato
583 2753 678 2783 motu
701 2747 878 2784 Iudaico'
867 2760 904 2782 ιιι
929 2759 1052 2794 magno
1078 2750 1214 2782 terrore
1237 2747 1324 2792 fuit,
1349 2759 1425 2783 cum
1448 2748 1493 2783 ob
1517 2745 1586 2782 alia
1608 2745 1729 2793 prodi-
