1820 3120
267 97 370 144 408
765 80 995 140 IOANNIS
1025 94 1286 139 ZONARAE

405 210 473 252 32.
543 209 628 251 Καὶ
662 207 684 250 ὅ
708 206 903 266 Κράσσος
932 206 953 250 ὅ
980 205 1159 266 Μάρκος
1189 208 1294 251 κατὰ
1326 205 1493 260 τούτους
1514 208 1610 260 τοὺς
1636 207 1741 267 χρόη-

267 295 362 329 νους
385 280 442 327 εἷς
465 276 538 332 τὴν
560 278 825 320 Μακεδονίαν
848 279 914 319 καὶ
939 279 995 326 εἷς
1017 276 1092 332 τὴν
1115 275 1283 337 Θρᾴκην
1305 278 1372 319 καὶ
1395 278 1451 328 εἰς
1473 277 1545 332 τὴν
1561 275 1741 322 Ἑλλάδα
1772 325 1779 331 „

266 347 478 404 πεμφθεὶς.
492 349 656 396 πολλοῖς
680 346 923 401 ἐπολέμησεν
946 345 1104 396 ἔθνεσι,
1146 346 1212 388 καὶ
1244 344 1294 388 τὰ
1327 345 1400 399 μὲν
1429 345 1582 402 ἐνίκησε
1609 347 1664 390 τὰ
1696 347 1740 390 δὲ

267 411 556 471 προσηγάγετο.
623 414 675 457 τὰ
707 417 732 456 δ
737 415 748 431 ²
776 414 875 469 ἔθνη
898 418 1028 456 ταῦτα
1050 411 1176 455 πάλαι
1198 414 1272 469 μὲν
1294 406 1444 456 Μυσοί
1462 430 1504 456 τε
1527 415 1595 458 καὶ
1616 416 1740 458 Γέται

266 483 490 538 ἓκέκληντο,
517 487 655 527 πᾶσαν
676 483 751 536 τὴν
772 482 923 537 μεταξὺ
946 487 1020 524 τοῦ
1042 499 1084 524 τε
1103 484 1244 536 Αἵμου
1263 483 1330 524 καὶ
1347 487 1420 525 τοῦ
1434 481 1596 540 Ἴστρου
1613 477 1772 528 οὗσανό

213 561 246 595 D
270 550 504 605 νεμόμενοι,
539 549 748 608 προϊόντος
772 552 816 593 δὲ
840 555 913 593 τοῦ
941 549 1093 607 χρόνου
1116 551 1218 601 τινὲς
1245 551 1378 594 αὐτῶν
1399 552 1466 593 καὶ
1489 542 1743 603 ἅλλοις-ὄνό-

266 637 392 675 μασιν
416 618 713 675 ἓπεκλήθησαν.
782 621 850 662 καὶ
880 619 984 673 μετὰ
1014 623 1143 662 ταῦτα
1174 617 1306 662 πάνθ’
1341 617 1419 663 ὅσα
1450 617 1472 662 ὃ
1503 621 1687 675 ποταμὸς
1719 618 1741 663 ὅ

268 691 405 739 Σαῦος
440 691 496 739 εἷς
527 688 597 730 τὸν
623 687 781 745 Ἴστρον
813 686 1027 742 ἐμβάλλων
1058 685 1158 744 ὗπὲρ
1189 693 1262 742 τῆς
1292 687 1536 743 Δαλματίας
1567 690 1635 732 καὶ
1669 693 1743 744 τῆς

267 758 532 807 ,Μακεδονίας
554 760 626 811 τῆς
648 774 689 799 τε
717 754 885 816 Θρᾴκης
916 756 995 798 ἀπὸ
1030 761 1102 812 τῆς
1124 758 1355 806 Παννονίας
1378 757 1582 814 ἀφορίζει,
1616 760 1674 808 εἲς
1695 757 1741 800 τὸ
1769 768 1772 770 ’

265 829 340 881 τῆς
362 826 533 876 Μυσίας
557 823 862 883 προκεχώρηκεν
885 823 1026 880 ὄνομα.
1095 829 1162 867 καὶ
1195 827 1236 868 ἐν
1260 827 1396 876 αὐτοῖς
1418 824 1523 868 ἄλλα
1545 842 1588 870 τε
1608 823 1741 868 πολλά
1752 834 1798 870 10

268 896 366 937 εἶσιν
398 893 500 948 ἔθνη
533 895 601 936 καὶ
626 894 664 936 οἳ
691 895 918 952 Τριβαλλοὶ
940 894 1338 952 προσαγορευθέντες
1367 895 1410 937 οἵ
1437 911 1480 937 τε
1511 895 1744 950 κεκλημένοι

51 965 95 999 w
119 965 156 1001 11
177 967 246 1005 162
266 959 509 1020 Δαρδάνιοι.
1629 964 1631 966 ’

406 1034 551 1074 Ταῦτα
583 1030 657 1085 μὲν
688 1025 758 1073 οὖν
789 1029 830 1072 ἕν
862 1048 903 1073 τε
929 1034 979 1088 τῇ
1001 1031 1189 1090 βασιλείᾳ
1215 1032 1282 1073 καὶ
1306 1034 1357 1088 τῇ
1381 1031 1638 1090 δημοκρατίᾳ
1656 1037 1745 1085 ταῖς

267 1117 310 1142 τε
343 1100 595 1150 δυναστείαις
617 1099 730 1142 πέντε
754 1101 821 1142 καὶ
846 1099 968 1142 εἴκοσι
990 1101 1056 1141 καὶ
1082 1097 1333 1150 ἑπτακοσίοις
1354 1099 1480 1143 ἔτεσιν
1501 1097 1679 1157 ἔπραξάν
1700 1117 1744 1143 τε

260 1166 454 1222 Ῥωμαῖοι
484 1170 554 1210 καὶ
587 1168 758 1220 ἔπαθον,
794 1169 837 1210 ἐκ
861 1169 906 1211 δὲ
930 1166 1075 1210 τούτου
1098 1172 1396 1225 μοναρχεῖσθαι
1418 1163 1542 1219 αὖθις
1563 1168 1743 1226 ἀκριβῶς
1754 1178 1800 1214 15

266 1235 455 1294 ἤρξαντο,
491 1238 621 1279 καίτοι
644 1241 718 1279 τοῦ
741 1238 953 1294 Καίσαρος
984 1235 1036 1279 τά
1067 1255 1110 1280 τε
1135 1236 1241 1279 ὅπλα
1261 1237 1524 1280 καταθέσθαι
1545 1240 1743 1291 βουλευο-

266 1306 389 1360 μένου
414 1307 480 1348 καὶ
508 1309 555 1362 τῇ
576 1306 764 1365 γερουσίᾳ
787 1307 854 1348 καὶ
877 1311 934 1363 τῷ
959 1304 1077 1363 δήμῳ
1101 1306 1315 1363 ἐπιτρέψαι
1334 1305 1386 1349 τοὶ
1403 1305 1638 1363 πράγματα.
1669 1305 1744 1361 τὴν

82 1377 111 1412 Ρ
134 1378 153 1413 Ι
176 1378 245 1416 532
267 1373 404 1428 μέντοι
435 1372 596 1430 γνώμην
627 1378 686 1432 τῷ
716 1374 915 1434 Ἀγρίππᾳ
945 1376 1012 1416 καὶ
1046 1378 1105 1432 τῷ
1127 1373 1349 1434 Μαικήνα,
1387 1372 1447 1425 οἷς
1481 1375 1666 1418 ἐπίστευε
1690 1375 1743 1417 τὰ

266 1441 501 1500 ἀπόρρητα,
537 1441 849 1497 κοινωσάμενος,
879 1442 953 1497 τὴν
973 1443 1048 1497 μὲν
1064 1443 1284 1499 Ἀγρίππου
1306 1441 1466 1499 γνώμην
1489 1443 1744 1500 ἀποτρέπου-

267 1529 344 1555 σαν
378 1511 501 1554 αὐτὸν
534 1516 608 1566 τῆς
639 1513 864 1568 μοναρχίας
897 1510 1081 1568 εὕρηκεν·
1126 1509 1147 1553 ὃ
1184 1512 1227 1554 δὲ
1258 1509 1481 1567 Μαικήνας
1513 1511 1800 1558 τούναντίον20

266 1578 552 1633 συνεβούλευεν
577 1578 698 1631 ἅπαν,
740 1580 862 1622 εἰπὼν
887 1579 966 1636 ἤδη
989 1580 1063 1634 τὴν
1084 1580 1307 1637 μοναρχίαν
1329 1581 1393 1622 ἐπὶ
1415 1579 1519 1623 πολὺ
1543 1582 1747 1636 διοικῆσαι

269 1646 407 1700 αὐτόν,
443 1650 510 1691 καὶ
546 1648 764 1704 ἀναγκαῖον
789 1647 886 1691 εἶναι
912 1651 1020 1691 δυεῖν
1046 1647 1238 1706 θάτερον,
1272 1647 1300 1704 ἢ
1321 1655 1455 1703 μεῖναι
1477 1650 1644 1692 ἐπὶτῶν
1668 1649 1746 1692 αὖ·

360 1767 383 1800 5
416 1761 486 1810 τὴν
519 1766 634 1810 ABG,
668 1762 739 1810 γὰρ
763 1766 853 1803 PW.
993 1766 1017 1801 8
1040 1766 1189 1805 Σαοῦος
1209 1766 1290 1803 Dio.
1428 1766 1451 1803 9
1473 1766 1681 1807 πανοννίας
1701 1768 1742 1804 Β.

363 1811 407 1847 14
421 1823 460 1847 τε·
473 1812 574 1857 prius
590 1824 642 1846 om
660 1813 687 1846 P
702 1813 791 1847 sola.
870 1812 915 1846 18
931 1807 1095 1846 ἐπίστευε
1109 1813 1152 1856 A,
1169 1808 1355 1847 ἐπίστευσε
1366 1813 1456 1850 PW.¹
1519 1813 1690 1854 22‘dv‘ot'v
1699 1810 1743 1848 'A-

361 1880 716 1962 1·1,F‘},¹{T⁸⁵'18⁰⁰p'
746 1881 805 1917 32.
853 1881 982 1915 Dionis
1005 1879 1186 1916 Historiae
1212 1881 1394 1916 Romanae
1419 1881 1479 1916 lib.
1505 1881 1550 1915 51
1576 1892 1608 1918 ο.
1632 1881 1679 1916 22
1701 1900 1748 1906 —

376 1937 387 1959 ι
412 1949 422 1961 .
517 1938 548 1963 c.
623 1951 632 1961 .

407 2027 466 2064 32.
513 2027 588 2062 Sub
619 2028 706 2062 haec
735 2031 892 2074 tempora
916 2028 967 2066 M.
992 2029 1142 2064 Crassus
1175 2028 1210 2063 in
1233 2028 1476 2063 Macedoniam
1500 2026 1687 2063 Thraciam
1711 2029 1749 2062 et

271 2073 458 2108 Graeciam
493 2074 618 2108 missus
651 2079 686 2108 et
709 2075 925 2109 cum'multis
953 2076 1117 2120 gentibus
1139 2076 1232 2110 bella
1254 2078 1383 2119 gerens
1407 2075 1492 2108 alias
1514 2074 1626 2116 vicit,
1661 2073 1748 2107 alias

270 2120 309 2153 in
338 2119 549 2153 deditionem
585 2120 734 2166 accepit.
782 2133 846 2155 eae
886 2129 1008 2166 gentes
1043 2121 1123 2156 olim
1157 2121 1269 2155 Moesi
1303 2124 1341 2155 et
1373 2121 1489 2154 Getae
1521 2121 1748 2163 vocabantur,

271 2177 406 2199 omnem
432 2177 507 2199 eum
532 2170 683 2200 tractum
707 2167 769 2211 qui
791 2167 884 2201 intra
908 2168 1076 2202 Haemum
1111 2172 1146 2201 et
1166 2168 1297 2202 <Istrum
1330 2171 1386 2201 est
1417 2165 1630 2200 incolentes:
1666 2177 1749 2211 pro·-

270 2223 397 2256 gressu
426 2212 594 2256 temporis
625 2217 738 2246 autem
771 2213 941 2258 quaedam
966 2225 1082 2248 earum
1107 2213 1183 2248 aliis
1207 2212 1400 2246 nominibus
1425 2217 1505 2246 sunt
1528 2211 1749 2256 appellatae:

271 2257 400 2292 deinde
422 2258 534 2292 omnia
558 2269 599 2292 ea
620 2269 713 2302 quae
735 2258 851 2293 Savus
873 2259 1002 2294 fluvius
1029 2260 1065 2293 in
1088 2259 1214 2293 Istrum
1237 2258 1386 2293 influens
1409 2265 1515 2312 supra
1538 2257 1748 2295 Dalmatiam

271 2303 513 2337 Macedoniam
543 2308 580 2337 et
602 2304 791 2340 Thraciam
818 2316 838 2339 a
861 2306 1043 2339 Pannonia
1075 2304 1314 2347 disterminat,
1349 2303 1506 2338 Moesme
1539 2303 1750 2348 appellatio-

272 2361 349 2383 nem
372 2349 569 2386 subierunt.
615 2350 710 2384 inter
743 2361 803 2385 eos
835 2357 979 2397 praeter
1008 2351 1096 2386 alias
1127 2350 1253 2386 multas
1281 2355 1404 2395 gentes
1433 2354 1517 2384 sunt
1539 2349 1688 2384 Triballi
1713 2353 1750 2383 et

272 2396 458 2432 Dardanii.
478 2415 481 2418 >

412 2442 511 2476 Haec
534 2441 643 2486 igitur
664 2442 812 2476 Romani
837 2443 902 2477 sub
925 2442 1069 2487 regibus
1093 2453 1134 2476 ac
1157 2441 1193 2476 in
1215 2441 1324 2476 libera
1348 2453 1387 2475 re
1408 2439 1557 2486 publica,
1580 2442 1617 2474 et
1640 2451 1661 2475 a
1684 2451 1751 2487 po-

275 2487 435 2523 tentibus
458 2499 627 2533 oppressa
650 2488 749 2523 annis
773 2487 841 2523 725
866 2492 903 2522 et
925 2493 1109 2533 gesserunt
1132 2492 1169 2522 et
1190 2487 1432 2533 pertulerunt:
1467 2487 1634 2542 deinceps
1655 2486 1749 2521 haud

275 2533 381 2567 dubie
405 2535 469 2568 sub
492 2534 594 2568 unius
621 2539 830 2588 potestatem
853 2535 1066 2571 reciderunt.
1115 2545 1192 2569 nam
1227 2545 1302 2567 cum
1329 2534 1464 2567 Caesar
1489 2533 1525 2567 in
1543 2532 1750 2567 ammovha-
1788 2542 1790 2544 '

273 2579 375 2613 beret
397 2579 498 2614 armis
524 2580 649 2625 positls
673 2581 851 2626 imperium
876 2581 1014 2615 senatui
1037 2580 1236 2626 populoque
1260 2579 1467 2622 restituere,
1502 2579 1607 2624 idque
1630 2578 1749 2612 consi-

273 2624 354 2658 lium
379 2626 555 2671 Agrippae
588 2630 624 2660 et
655 2626 875 2669 Maecenati,
909 2627 1034 2672 quibus
1065 2637 1192 2660 arcana
1223 2636 1286 2659 sua
1319 2625 1507 2670 credebat,
1542 2624 1749 2670 aperuisset,

274 2669 432 2715 Agrippa
466 2672 695 2716 deponendae
737 2673 924 2718 potestatis
968 2675 1091 2707 auctor
1126 2671 1159 2705 ei
1187 2670 1277 2715 fuit,
1317 2671 1506 2705 Maecenas
1537 2670 1749 2704 contrarium

276 2717 414 2750 omnino
439 2719 562 2754 suasit.
609 2729 688 2752 nam
723 2729 799 2752 cum
830 2719 933 2764 longo
968 2718 1035 2753 iam
1070 2722 1227 2763 tempore
1250 2728 1367 2751 rerum·
1388 2716 1524 2763 potitus
1548 2720 1663 2758 esset,
1687 2720 1750 2750 aut

276 2766 489 2808 potestatem
525 2763 560 2798 ei
591 2764 806 2799 retinendam
838 2769 900 2799 aut
931 2776 972 2799 ea
1008 2763 1122 2810 posita
1155 2763 1367 2809 pereundum
1409 2773 1488 2798 esse
1530 2762 1748 2798 affirmabat:
