1820 3120
265 85 367 138 380
747 74 979 129 IOANNIS.
1012 85 1275 130 ZONARAE

265 196 494 250 εσκευάζετο
519 195 575 248 ὥς
597 195 836 253 πολεμήσων
858 202 909 255 τῇ
933 196 1114 255 ἐπιούσῃ.
1147 198 1198 241 τὰ
1219 198 1267 241 δ’
1294 197 1398 242 αὐτὰ
1414 199 1490 242 ’καὶ
1512 197 1741 259 τῷ.”Δημο-

260 266 380 324 χάρει
414 266 667 320 συμβέβηκε,
709 269 777 309 καὶ
818 265 1056 322 ἡτοιμάζετο
1099 267 1280 317 κάκεῖνος
1321 265 1376 318 ὥς
1414 274 1497 319 τοῖς
1537 269 1742 323 πολεμίοις

267 333 596 387 ἐπελευσόμενος,
632 337 698 377 καὶ
723 336 795 378 τὸν
817 335 965 385 Σέξτον
988 336 1034 377 δὲ
1055 336 1356 390 μετεπέμψατο.
1421 333 1629 393 ἦμέραψτε
1648 335 1740 391 ,ἤδη
1767 374 1770 378 .
1818 331 1820 334 ’

266 401 496 457 ὑπέλαμπε,
522 405 588 445 καὶ
612 402 739 461 ἄμφω
762 404 814 446 τὰ
836 404 1006 446 ναυτικὰ
1028 403 1092 445 ἐπ’
1120 403 1277 459 ἄλληλα
1299 403 1439 447 ἔπλεον
1461 405 1528 446 καὶ
1547 407 1627 459 τῆς.
1641 421 1742 447 ναυ-

216 479 247 514 Β
269 472 421 526 μαχίας
442 470 687 529 ἀπήρξαντο.
727 474 794 514 καὶ
817 472 879 513 ἐπὶ
904 476 1088 514 πλεῖστον
1111 473 1184 527 μὲν
1207 471 1459 528 ἀγχωμάλως
1479 471 1775 528 ἧγωνίσᾱντο,5

269 540 349 593 ὀψὲ
372 542 398 582 δ
404 539 415 555 '
443 535 514 582 οὖν
537 557 631 583 ποτε
654 542 720 582 καὶ
744 540 846 596 πρὸς
868 538 992 583 νύκτα
1014 539 1094 596 ἤδη
1119 541 1158 584 οἶ
1180 546 1252 584 τοῦ
1271 542 1482 599 Καίσαρος
1503 539 1743 599 ἐκράτησαν,
1791 584 1793 586 ,

269 608 318 651 οὗ
342 608 477 663 μέντοι
501 610 567 651 καὶ
592 609 822 659 ἐπεδίωξαν.
1411 640 1415 644 .

413 678 573 732 Καῖσαρ
599 677 653 718 δὲ
665 682 737 719 τοῦ
755 678 904 727 Σεξτου
930 678 973 719 ἐκ
995 681 1068 732 τῆς
1092 674 1315 732 Μεσσήνης
1338 676 1408 719 διὰ
1423 676 1497 733 τὴν
1513 647 1744 734 ναυμαχίαν

269 741 502 801 ἀπάραντος
528 743 749 795 ἀκινδύνως
772 744 1004 802 ἐπεραιώθη
1027 746 1130 802 πρὸς
1155 746 1460 802 Ταυρομένιον.
1498 745 1579 801 η’δη
1603 746 1648 789 δὲ
1670 750 1745 801 τῆς

268 814 498 867 ναυμαχίας
519 815 745 868 παυθείσης
769 815 926 870 σπουδῇ
951 814 1052 871 πρὸς
1074 814 1147 868 τὴν
1171 813 1396 869 Μεσσήνην
1419 813 1441 856 ὃ
1465 815 1613 865 Σέξτος
1645 814 1775 870 &epi-l

269 898 382 932 κετο,
418 883 484 924 καὶ
516 882 670 936 μαθὼν
699 883 979 937 περαιωθέντα
1010 882 1080 925 τὸν
1112 884 1330 938 Καίσαρα,
1365 883 1604 938 προσέμιξεν
1635 882 1747 940 αὐτῷ

269 950 374 992 κατὰ
396 955 485 1005 γῆν.
555 952 623 992 καὶ
640 949 667 993 ’ὃ
692 953 856 1006 Καῖσαρ
880 956 952 994 τοῦ
975 968 1016 993 τε
1039 955 1230 994 ναυτικοῦ
1253 951 1298 994 τὸ
1321 955 1456 994 πλεῖον
1478 951 1654 1005 ἀπέβαλε
1677 952 1747 993 καὶ

270 1017 393 1068 αὐτὸς
429 1019 563 1074 ὀλίγου
587 1018 924 1076 προσδιεφθάρη·
959 1020 1058 1070 τέως
1081 1021 1105 1062 δ
1113 1020 1126 1035 ²
1154 1014 1225 1062 οὖν
1248 1021 1304 1069 εἷς
1325 1019 1399 1075 τὴν
1420 1018 1586 1076 ἤπειρον
1609 1019 1747 1069 διασέ-

270 1103 418 1130 σωστο.
485 1086 638 1141 ἤχθετο
673 1089 717 1130 δὲ
739 1092 813 1130 τοῦ
838 1086 1141 1143 στρατεύματος
1162 1090 1203 1130 ἐν
1225 1092 1275 1144 τῇ
1297 1087 1408 1146 νήσῳ
1434 1088 1745 1143 ἀπειλημμένου,
1791 1090 1794 1092 ’

269 1157 338 1197 καὶ
363 1155 410 1197 οὗ
437 1157 531 1212 πρὶν
554 1155 834 1213 ἀνεθάρσησεν
858 1157 932 1206 ἕως
958 1157 1080 1210 ἰχθὺς
1102 1156 1322 1213 ἀναθορὼν
1351 1159 1396 1199 ἐκ
1426 1161 1499 1211 τῆς
1528 1154 1745 1211 θαλάσσης
1756 1156 1802 1200 15

221 1229 253 1264 C
276 1221 507 1278 αὐτόματος
533 1225 635 1280 πρὸς
667 1225 762 1275 τοὺς
793 1224 922 1275 πόδας
955 1225 1082 1268 αὐτοῦ
1111 1224 1243 1268 ἔπεσε·
1279 1225 1501 1282 τοῦτογάρ
1523 1225 1562 1268 οἳ
1582 1223 1748 1280 μάντεις

272 1294 421 1347 δηλοῦν
444 1292 687 1348 ἐξηγήσαντο
711 1292 772 1336 ὅτι
797 1292 1044 1336 δουλώσεται
1066 1294 1139 1346 τὴν
1163 1292 1394 1337 θάλασσαν.
1428 1291 1454 1348 ἡ
1479 1294 1524 1336 δὲ
1545 1298 1618 1336 τοῦ
1639 1294 1747 1336 Καί-

272 1377 399 1416 σαρος
420 1362 589 1416 στρατιὰ
614 1363 897 1418 ἐπολιορκεῖτο,
931 1364 998 1404 καὶ
1023 1363 1105 1404 ἐπεὶ
1129 1362 1178 1404 τὰ
1203 1361 1406 1416 ἐπιτήδεια
1429 1363 1615 1405 ἐπέλιπον
1637 1365 1748 1418 σφᾶς

271 1431 339 1471 καὶ
374 1427 395 1471 ὅ
426 1429 651 1484 βοηθήσων
687 1431 760 1474 οὐκ
796 1425 858 1484 ἦν,
894 1424 1099 1485 δ’ταύτης
1131 1429 1268 1486 ἄρχων
1293 1431 1592 1487 Κυρνουφίκιος
1621 1430 1673 1473 τά
1703 1447 1747 1473 τε

270 1495 410 1554 σκάφη
446 1497 525 1540 ὅσα
559 1499 601 1540 ἔκ
636 1503 709 1552 τῆς
738 1500 966 1553 ναυμαχίας
998 1499 1267 1555 περισέσωστο
1303 1498 1471 1551 atavos,
1522 1501 1590 1542 καὶ
1623 1498 1804 1549 unitos-20

270 1565 373 1623 πρὸς
394 1566 467 1616 τὰς
493 1565 645 1616 Μύλας
676 1567 802 1622 ἀπῆγε
833 1567 905 1621 τὴν
936 1566 1144 1623 στρατιάν.
1211 1569 1277 1609 καὶ
1312 1567 1445 1609 πολλὰ
1476 1566 1747 1623 ἐκακώθησαν

271 1634 384 1690 παρὰ
407 1639 487 1678 τῶν
510 1636 697 1677 ἐναντίων
720 1636 977 1692 ε’φεπομένων
1003 1636 1140 1686 αὐτοῖς
1172 1634 1213 1677 ἔν
1242 1653 1285 1679 τε
1315 1640 1366 1692 τῇ
1388 1635 1492 1692 ἄλλῃ
1515 1637 1658 1695 πορείᾳ
1679 1637 1748 1678 καὶ

271 1706 429 1757 μᾶλλον
461 1704 502 1746 ἐν
532 1710 622 1754 ταῖς
654 1707 735 1747 τῶν
769 1708 964 1759 ποταμῶν
995 1703 1224 1758 διαβάσεσι.
1291 1706 1360 1746 καὶ
1381 1705 1445 1746 ἐπὶ
1467 1710 1574 1781 τρεῖς
1593 1702 1749 1762 ἡμέρας

365 1855 387 1889 5
411 1852 632 1897 ἀπείρξαντο
656 1856 700 1890 A.
841 1855 887 1893 17
909 1856 1108 1911 δηλοῦντες
1131 1856 1175 1892 Α.
1314 1856 1359 1892 19
1390 1856 1652 1911 πορνουφίκιος
1672 1857 1748 1902 ΑΒ,

367 1902 642 1946 Κουρνοφίκιος
663 1902 756 1937 PW.
895 1869 956 1938 20⁷²
964 1899 1203 1947 περισέσωστο
1228 1902 1270 1948 Α,
1295 1899 1533 1948 περιέσωστο
1541 1903 1628 1939 Pw.

274 2041 313 2072 et
336 2049 435 2072 nemo
460 2041 582 2072 contra
606 2037 685 2081 iret,
710 2050 873 2073 reversus
897 2051 935 2073 se
963 2043 1004 2073 ut
1025 2038 1197 2084 postridie
1219 2038 1445 2073 dimicaturus
1466 2038 1617 2084 paravit.
1655 2037 1749 2073 idem

274 2089 311 2118 et
334 2084 540 2118 Demochari
572 2084 718 2127 accidit,
753 2086 812 2128 qui
838 2090 875 2119 et
898 2086 975 2132 ipse
999 2091 1038 2119 ut
1059 2086 1096 2119 in
1122 2086 1257 2119 hostem
1279 2090 1496 2130 pugnaturus
1521 2085 1670 2119 Sextum
1692 2096 1751 2118 ar-

274 2129 432 2163 cessivit.
478 2130 628 2164 diluculo
660 2131 782 2164 ambae
812 2131 940 2166 classes
976 2131 1169 2176 productae
1207 2131 1407 2174 longissimo
1449 2138 1606 2175 tempore
1636 2141 1749 2184 aequo

273 2175 390 2209 Marte
416 2176 641 2209 dimicarunt.
673 2177 811 2212 tandem
841 2178 906 2228 sub
937 2182 1073 2212 noctem
1097 2176 1306 2211 Caesariani
1329 2176 1512 2220 vicerunt,
1549 2176 1610 2211 sed
1637 2176 1751 2211 victos

273 2233 343 2255 non
370 2222 545 2267 persecuti
571 2226 666 2258 sunt.

412 2290 555 2334 Caesar,
582 2301 657 2324 cum
681 2291 810 2324 Sextus
833 2295 980 2335 propter
1002 2291 1157 2325 navalem
1182 2301 1330 2335 pugnam
1345 2290 1512 2323 Messana
1528 2288 1751 2334 decessisset,

274 2335 364 2369 citra
388 2316 578 2381 periculuin
603 2337 864 2371 Taurominium
888 2337 1042 2371 traiecit.
1074 2342 1216 2381 peracto
1242 2335 1374 2381 praelio
1399 2333 1529 2370 Sextus
1553 2335 1751 2369 Messanam

273 2382 438 2415 celeriter
462 2393 647 2425 reversus,
681 2383 823 2427 cognito
850 2382 1011 2416 Caesaris
1035 2383 1208 2425 traiectu,
1241 2387 1336 2416 terra
1369 2393 1444 2415 eum
1470 2392 1658 2435 aggressus
1681 2386 1752 2416 est.

274 2428 334 2471 qui
356 2429 479 2461 classis
502 2427 647 2462 maxima
671 2435 771 2473 parte
795 2429 922 2462 amissa
946 2429 1188 2482 propemodum
1213 2428 1290 2482 ipse
1314 2438 1454 2471 quoque
1478 2426 1663 2482 periisset,
1689 2426 1750 2460 sed

274 2478 345 2507 tum
379 2478 477 2507 terra
511 2473 637 2510 evasit.
687 2486 862 2518 aegreque
892 2475 1010 2508 ferens
1043 2473 1230 2508 exercituin
1264 2473 1301 2506 in
1335 2473 1449 2507 insula
1482 2473 1752 2507 circumventum

276 2530 353 2552 esse
383 2531 450 2553 non
476 2520 571 2564 prius
596 2521 732 2574 recepit
754 2520 899 2554 animum
924 2532 1024 2565 quam
1049 2519 1158 2565 piscis
1182 2519 1272 2552 saltu
1297 2531 1316 2552 e
1340 2519 1426 2552 mari
1447 2519 1483 2552 in
1506 2524 1632 2553 terram
1655 2510 1751 2552 ¹facto

274 2571 399 2609 sponte
424 2572 506 2599 ante
531 2566 638 2611 pedes
664 2566 739 2599 eius
764 2565 926 2600 concidit.
975 2567 1009 2600 id
1042 2566 1130 2599 enim
1164 2569 1264 2598 vates
1295 2564 1638 2609 interpretabantur,
1673 2564 1752 2598 fore

275 2616 316 2643 ut
343 2612 425 2644 mari
449 2612 636 2655 potiretur
687 2611 762 2645 eius
795 2623 881 2645 vero
916 2612 1089 2646 exercitus
1120 2622 1196 2645 cum
1228 2616 1264 2644 et
1287 2611 1505 2644 obsideretur
1528 2614 1566 2644 et
1588 2608 1752 2647 alimenta

276 2666 347 2689 non
364 2656 511 2690 haberet
535 2662 570 2691 et
593 2663 694 2711 opem
717 2659 827 2692 ferret
851 2669 960 2701 nemo,
987 2657 1206 2691 Cornuficius
1230 2657 1300 2690 dux
1318 2656 1398 2690 eius
1421 2656 1570 2694 navibus
1591 2667 1612 2689 e
1621 2665 1753 2709 pugna

275 2701 421 2745 reliquis
452 2702 586 2737 exustis
619 2703 696 2747 ipse
726 2714 864 2747 quoque
890 2704 933 2737 ad
958 2703 1074 2747 Mylas
1098 2702 1244 2736 abduxit
1267 2701 1404 2746 copias,
1436 2706 1550 2755 atque
1565 2700 1603 2734 in
1624 2700 1753 2734 itinere

277 2746 401 2781 multas
425 2748 539 2782 clades
565 2749 721 2794 accepit,
754 2748 788 2782 in
814 2749 989 2784 fluminum
1012 2749 1166 2783 transitu
1190 2748 1424 2793 potissimum,
1459 2746 1619 2782 hostibus
1650 2751 1750 2790 tergo
