1820 3120
271 83 368 130 128
739 85 966 130 IOANNIS
994 87 1254 132 ZONARAE

266 199 436 254 δένδρα,
475 197 515 240 οἱ
537 199 578 242 ἔν
599 201 651 256 τῇ
665 196 809 258 Ῥώμῃ
832 198 1186 258 ἐταλαιπώρησαν,
1228 201 1294 244 καὶ
1316 201 1368 245 τὰ
1388 200 1631 259 βοσκήματα
1651 208 1726 260 τῆς
1798 192 1809 263 'J

264 265 367 316 πόας
389 265 647 322 ἐπιλιπούσης
669 267 925 326 ἐφθάρησαν.
1500 304 1503 308 ,
1520 304 1521 308 =
1793 264 1802 279 ὲ

400 334 440 377 7.
511 339 582 393 Τῷ
605 336 647 378 δ’
676 335 767 391 ἑξῆς
800 337 876 380 ἔτει
897 334 1055 386 Λόλιός
1087 354 1147 386 τις
1169 336 1273 393 ἀνὴρ
1298 339 1496 394 Σαυνίτης
1517 336 1724 397 ὁμηρεύων

262 404 304 445 ἓν
321 401 464 459 εΡώμῃ
488 405 553 446 καὶ
577 405 723 460 ἒκδράς
745 403 915 459 δύναμιν
939 404 1195 456 συνελέξατο,
1242 406 1308 446 καὶ
1338 407 1488 461 χωρίον
1509 422 1548 451 τι
1579 425 1723 464 καρτε-
1807 453 1810 466 ἶ

203 477 242 522 ’Β
266 471 337 528 ρὸν
369 476 418 528 τῇ
451 473 574 531 οἰκείᾳ
596 473 837 527 καταλαβὼν
862 472 1081 530 ἐλῄστευεν.
1150 472 1218 530 ἐφ’
1243 472 1288 515 ὃν
1311 471 1483 524 Κύῖντός
1502 491 1544 518 τε
1565 475 1606 516 Γ
1602 473 1754 526 ἄλλος-ἰ
1804 470 1809 506 Ῐ’

259 541 326 582 καὶ
350 538 472 589 Γάϊος
498 539 656 594 Φάβιος
677 539 989 598 στρατεύσαντες
1022 541 1144 583 αὐτὸν
1177 542 1251 595 μὲν
1282 543 1350 584 καὶ
1379 541 1474 592 τοὺς
1506 541 1581 586 σὺν
1611 541 1724 602 αύτῷ
1803 538 1807 548 ’Δ

259 606 489 664 σύγκλυδας
511 611 575 650 καὶ
600 608 775 659 ἀόπλους
797 609 892 659 τοὺς
914 611 1097 658 πλειόνας
1119 608 1246 659 ὄντας,
1260 610 1474 664 συνέσχον,
1504 609 1719 667 χωρήσαν-

257 693 323 726 τες
358 676 402 718 δ’
439 677 501 717 ἐπὶ
536 679 786 733 Καρκίνους,
829 677 929 733 παρ’
969 674 1029 727 οἷς
1062 676 1135 731 τὴν
1167 679 1274 719 λείαν
1304 679 1442 720 ἐκεῖνοι
1474 678 1721 731 ἀπετίθεντο,

256 743 475 801 πράγματα
507 743 636 798 ἴσχον.
705 747 771 786 καὶ
802 745 914 795 τέλος
943 745 1087 795 νυκτὸς
1115 743 1189 786 ὑπ’
1216 744 1450 799 αὐτομόλων
1479 744 1723 802 ὑπερβάντες

254 830 311 866 πη
330 817 405 869 (τοῦ
429 812 581 865 τείχους
605 811 882 855 ἐκινδύνευσαν
906 813 1132 857 ἀπολέσθαι
1157 813 1224 854 διὰ
1249 812 1412 866 σκότος,
1448 814 1523 869 οὔχ
1545 813 1600 866 ὦς
1621 815 1714 858 οἶσε·
1727 826 1774 861 10

254 879 376 933 λήνόυ
407 884 479 933 τῆς
503 881 645 929 νυκτὸς
678 879 824 934 οὔσης,
859 880 953 922 ἀλλ’
981 879 1042 923 ὅτι
1065 879 1326 938 σφοδρότατα
1347 881 1500 939 ἕνιφεν·
1533 884 1718 942 ἐκφανεί-

254 964 329 1002 σης
352 947 395 989 δὲ
417 951 490 1000 τῆς
512 946 678 1002 σελήνης
701 946 857 1004 ἀθρόον
880 947 1103 1006 ἐκράτησαν
1124 953 1196 990 τοῦ
1216 952 1382 1005 χωρίου.

390 1015 538 1056 Πολλὰ
563 1016 606 1057 δὲ
622 1014 818 1072 χρήματα
845 1014 933 1058 τότε
955 1021 1005 1073 τῇ
1023 1014 1166 1073 εΡιόμῃ
1189 1017 1389 1072 ἐγένοντο,
1426 1015 1527 1061 ὥστε
1549 1019 1617 1061 καὶ
1640 1017 1716 1074 ἀρ·-

250 1088 392 1141 γυραῒς
415 1085 615 1138 δραχμαῖς
633 1083 886 1140 χρήσασθαι.

386 1149 488 1192 Εἶτα
513 1154 567 1201 εἷς
587 1151 660 1205 τὴν
681 1156 752 1194 νῦν
775 1151 1022 1213 καλουμένην
1045 1153 1287 1208 Καλαβρίαν
1309 1150 1590 1210 ἐστράτευσαν,
1612 1169 1713 1210 προ-
1724 1166 1770 1202 15

198 1227 230 1264 c
253 1217 375 1275 φάσει
396 1220 470 1272 μὲν
493 1218 553 1261 ὅτι
586 1220 655 1261 τὸν
681 1219 851 1276 Πύρρον
881 1218 1119 1269 ὑπεδέξαντο
1150 1223 1216 1263 καὶ
1245 1221 1319 1276 τὴν
1341 1221 1578 1276 συμμαχίδα
1600 1221 1717 1264 κατέ-

250 1304 405 1342 τρεχον,
429 1292 480 1344 τῇ
502 1287 546 1329 δ’
573 1287 747 1347 ἀληθεία
766 1287 826 1330 ὅτι
850 1286 1063 1341 ἐβούλοντο
1089 1287 1377 1332 οἰκειώσασθαι
1401 1289 1446 1331 τὸ
1465 1290 1714 1346 Βρεντέσιον,

246 1353 304 1405 ὡς
338 1356 538 1409 εὐλίμενον
575 1357 642 1397 καὶ
675 1356 910 1413 προσβολὴν
942 1358 1008 1398 καὶ
1031 1354 1226 1414 κάταρσιν
1248 1358 1292 1399 ἐκ
1314 1363 1386 1412 τῆς
1403 1357 1624 1415 Ἰλλυρίδος
1645 1360 1714 1400 καὶ
1755 1365 1766 1375 ’
1819 1387 1820 1430 1

339 1463 363 1498 3
384 1461 560 1507 ναυνίτης
581 1461 625 1497 A.
810 1465 834 1499 4
858 1462 995 1507 χωρίον
1018 1475 1053 1498 τι
1074 1459 1254 1505 καρτερὸν
1276 1460 1351 1509 AB,
1375 1460 1556 1508 καρτερὸν
1577 1463 1713 1509 χωρίον

339 1519 375 1541 τι
397 1508 488 1544 PW.
659 1508 682 1544 6
703 1505 770 1544 σὺν
793 1506 916 1553 αὐτῷ]
942 1505 1022 1552 μετ’
1049 1504 1163 1544 αὗτὸν
1187 1509 1231 1545 C.
1306 1528 1309 1532 v
1331 1526 1333 1529 ·
1399 1508 1422 1544 8
1445 1509 1644 1553 καρκίνους
1665 1511 1710 1555 G,

336 1553 562 1596 Καρικίνους
582 1554 672 1588 PW.
855 1556 877 1591 9
901 1551 971 1588 ὑπ’
994 1551 1208 1599 αὐτομόλων
1228 1551 1480 1601 ὑπερβάντες]
1508 1551 1664 1613 “,αΙί(ιυίᾶ
1689 1567 1711 1590 a
1752 1568 1753 1571 ¹

336 1599 478 1632 librario
510 1600 668 1634 omissum
704 1597 869 1635 videtur’'
897 1602 1098 1635 Wonrms.
1141 1597 1218 1635 “sic
1240 1603 1356 1635 tamen
1380 1612 1495 1638 omnes
1518 1612 1587 1636 mss
1637 1602 1711 1635 Du·-

338 1655 512 1680 cum-aus.
652 1646 696 1681 13
713 1642 855 1690 ἐγένετο
880 1647 955 1681 ΑΒ.
1082 1648 1126 1681 15
1149 1643 1218 1690 τὴν
1241 1648 1309 1680 νῦν
1329 1644 1560 1691 καλουμένην
1583 1649 1708 1681 Καλα-

336 1689 446 1734 βρίαν
470 1691 574 1726 etiam
596 1692 709 1735 infra,
734 1693 792 1728 lib.
818 1694 840 1728 9
865 1704 940 1737 cap.
964 1693 987 1725 4
1009 1704 1044 1737 p.
1067 1692 1138 1727 424
1160 1693 1196 1726 b.
1222 1692 1374 1727 Tzetzes
1397 1693 1442 1727 ad
1464 1692 1710 1738 Lycophronis

334 1747 369 1769 v·
387 1736 456 1771 852
471 1733 495 1779 ἡ
515 1735 584 1780 γὰρ
601 1737 798 1771 Μεσσαπιά
820 1737 883 1772 καὶ
900 1736 1081 1781 Ἰαπυγία,
1103 1734 1464 1782 ὕστερονκΣαλεντία,
1488 1734 1568 1772 εἶτα
1585 1739 1709 1772 Καλα-

334 1777 622 1862 ξὸρίοιλίέκλήθη,
659 1781 764 1818 καθά
797 1795 910 1828 φησιν
945 1780 965 1817 ὁ
996 1780 1180 1827 ἱστορικὰς
1211 1782 1311 1818 Δίων
1342 1784 1484 1829 (ἒι-αςιοὲ
1517 1784 1634 1820 Vales.
1657 1783 1706 1829 9).

403 1839 428 1861 οι
465 1838 576 1871 μενον
632 1856 641 1866 .
1237 1833 1245 1842 “
1510 1844 1512 1847 ’

378 1918 548 1951 ΕὀΝτΕε.
607 1899 694 1963 Ga‘p.
728 1918 764 1955 7.
822 1918 947 1953 Dionis
975 1920 1158 1955 Historiae
1190 1906 1373 1955 Romanae
1403 1920 1485 1956 libri
1513 1919 1706 1965 deperditi.-

337 1973 413 1996 eoec.
447 1963 479 1996 V
477 1963 675 1998 alesianum
698 1963 732 2009 9,
761 1964 1021 2000 Peirescianum
1043 1966 1101 2001 43.

240 2053 417 2098 glaciavit,
443 2054 585 2088 arbores
604 2058 781 2100 aruerunt,
807 2055 954 2090 Romani
971 2057 1097 2091 afflicti
1119 2060 1209 2100 sunt,
1232 2057 1384 2091 iumenta
1396 2067 1441 2091 ex
1454 2055 1574 2102 pabuli
1587 2056 1707 2102 inopia

267 2100 433 2133 erierunt.

239 2110 264 2144 P
377 2144 411 2180 7.
457 2144 556 2178 Anno
578 2150 744 2190 sequente
766 2146 898 2181 Lollius
923 2147 1058 2180 Samnis
1083 2147 1214 2181 Romae
1237 2147 1339 2182 obses
1362 2147 1446 2192 fuga
1469 2147 1605 2193 elapsus
1634 2158 1706 2181 ma·

239 2200 355 2234 nuque
387 2191 484 2224 facta
508 2196 545 2224 et
567 2191 694 2225 munito
723 2202 807 2226 suae
830 2191 983 2236 regionis
1007 2193 1148 2227 castello
1171 2200 1339 2238 occupato
1361 2193 1578 2228 latrocinium
1608 2203 1708 2227 exer·

238 2235 325 2269 cuit.
373 2247 450 2270 eum
474 2247 548 2270 cum
573 2236 657 2281 suis,
682 2238 740 2282 qui
765 2249 941 2271 convenae
961 2243 1062 2272 erant
1086 2243 1122 2272 et
1143 2239 1291 2272 inermes
1314 2239 1435 2272 maiori
1458 2250 1501 2272 ex
1523 2242 1635 2284 parte,
1658 2237 1706 2278 Q.

239 2281 363 2314 Gallus
388 2286 424 2315 et
447 2281 486 2315 C.
505 2282 637 2316 Fabius
662 2284 1003 2328 comprehenderunt.
1041 2284 1104 2318 sed
1121 2284 1346 2318 Carcinorum
1362 2285 1587 2330 oppugnatio,
1611 2284 1705 2329 apud

237 2337 325 2371 quos
357 2328 521 2372 praedam
555 2333 805 2372 reposuerant,
839 2329 992 2363 difficilis
1023 2330 1101 2364 fuit.
1157 2330 1306 2374 denique
1337 2341 1422 2364 vero
1444 2331 1704 2374 transfugarum

237 2377 344 2417 opera
369 2377 473 2407 noctu
496 2380 659 2418 superato
683 2386 777 2408 muro
802 2375 839 2408 in
862 2375 1015 2410 tenebris
1040 2387 1151 2420 paene
1174 2376 1265 2410 caesi
1287 2375 1456 2419 fuissent,
1479 2387 1549 2410 non
1571 2376 1615 2410 ob
1638 2386 1704 2409 no-

237 2422 328 2452 ctem
350 2418 509 2462 illunem,
541 2420 603 2453 sed
634 2425 779 2464 propter
801 2421 932 2455 nivium
953 2421 1135 2466 procellas.
1184 2432 1260 2456 cum
1284 2426 1398 2456 autem
1421 2422 1503 2456 luna
1522 2420 1703 2463 illuxisset,

237 2463 353 2498 subito
379 2464 555 2498 castellum
579 2471 834 2510 expugnarunt.

372 2510 425 2543 Eo
457 2515 612 2556 tempore
640 2512 754 2545 auctis
787 2513 911 2558 opibus
934 2512 1081 2546 Romani
1111 2511 1293 2546 drachmas
1325 2517 1508 2556 argenteas
1530 2522 1702 2556 usurpare

235 2565 297 2587 coe
324 2560 436 2589 erunt.

299 2567 321 2599 p
373 2601 508 2635 Deinde
532 2601 717 2636 Calabriae
741 2613 830 2646 quae
863 2614 953 2637 nunc
983 2602 1110 2636 dicitur
1142 2614 1235 2637 arma
1265 2603 1475 2646 intulerunt,
1505 2601 1543 2635 id
1565 2601 1702 2635 crimini

236 2644 378 2689 dantes,
413 2647 504 2692 quod
524 2648 698 2691 Pyrrhum
721 2649 940 2693 recepissent
963 2648 1132 2682 et-socios
1155 2649 1404 2683 infestassent:
1425 2649 1487 2683 sed
1509 2658 1634 2681 revera
1655 2648 1699 2681 ob

237 2701 311 2724 eam
335 2703 495 2735 causam,
529 2699 568 2726 ut
592 2694 820 2728 Brundusium
843 2695 1055 2739 subigerent,
1078 2700 1223 2739 propter
1245 2700 1406 2739 portuum
1428 2693 1700 2728 commoditatem

237 2741 274 2771 et
302 2738 439 2773 facilem
470 2739 508 2772 in
541 2739 699 2784 Illyrium
731 2745 768 2774 et
803 2740 984 2776 Graeciam
1007 2739 1199 2776 traiectum.
1248 2741 1365 2776 eodem
1389 2740 1478 2775 enim
1499 2746 1607 2774 vento
1630 2738 1699 2783 spi-
