<?xml version="1.0" encoding="UTF-8"?>
<!DOCTYPE html PUBLIC "-//W3C//DTD XHTML 1.0 Transitional//EN"
    "http://www.w3.org/TR/xhtml1/DTD/xhtml1-transitional.dtd">
<html xmlns="http://www.w3.org/1999/xhtml" xml:lang="en" lang="en">
 <head>
  <title>
</title>
<meta http-equiv="Content-Type" content="text/html;charset=utf-8" />
  <meta name='ocr-system' content='tesseract 3.04.00' />
  <meta name='ocr-capabilities' content='ocr_page ocr_carea ocr_par ocr_line ocrx_word'/>
</head>
<body>
  <div class='ocr_page' id='page_1' title='image "./corpusscriptorum30niebuoft_0261.png"; bbox 0 0 1820 3120; ppageno 0'>
   <div class='ocr_carea' id='block_1_1' title="bbox 571 152 1531 214">
    <p class='ocr_par' dir='ltr' id='par_1_1' title="bbox 571 152 1531 214">
     <span class='ocr_line' id='line_1_1' title="bbox 571 152 1531 214; baseline 0.001 -15"><span class='ocrx_word' id='word_1_1' title='bbox 571 153 854 199; x_wconf 78' lang='lat' dir='ltr'>ANNALIUM</span> <span class='ocrx_word' id='word_1_2' title='bbox 876 154 946 198; x_wconf 80' lang='lat' dir='ltr'><em>lx</em></span> <span class='ocrx_word' id='word_1_3' title='bbox 971 154 1038 198; x_wconf 78' lang='grc' dir='ltr'><em>ιο.</em></span> <span class='ocrx_word' id='word_1_4' title='bbox 1235 210 1238 214; x_wconf 42' lang='grc'><em>,</em></span> <span class='ocrx_word' id='word_1_5' title='bbox 1436 152 1531 200; x_wconf 81' lang='lat'><em>251</em></span> 
     </span>
    </p>
   </div>
   <div class='ocr_carea' id='block_1_2' title="bbox 6 268 1742 1776">
    <p class='ocr_par' dir='ltr' id='par_1_2' title="bbox 10 268 1742 1776">
     <span class='ocr_line' id='line_1_2' title="bbox 68 268 1538 328; baseline -0.002 -11"><span class='ocrx_word' id='word_1_6' title='bbox 68 273 230 318; x_wconf 73' lang='grc' dir='ltr'><em>ἅπασαν</em></span> <span class='ocrx_word' id='word_1_7' title='bbox 251 269 491 328; x_wconf 71' lang='grc' dir='ltr'><em>ὑπηγάγετο.</em></span> <span class='ocrx_word' id='word_1_8' title='bbox 550 272 617 314; x_wconf 82' lang='grc' dir='ltr'><em>καὶ</em></span> <span class='ocrx_word' id='word_1_9' title='bbox 642 268 663 314; x_wconf 86' lang='grc' dir='ltr'><strong>ὅ</strong></span> <span class='ocrx_word' id='word_1_10' title='bbox 685 271 760 326; x_wconf 74' lang='grc' dir='ltr'><em>μὲν</em></span> <span class='ocrx_word' id='word_1_11' title='bbox 774 269 966 320; x_wconf 85' lang='grc' dir='ltr'><em>’Άτταλος</em></span> <span class='ocrx_word' id='word_1_12' title='bbox 990 271 1032 312; x_wconf 72' lang='grc' dir='ltr'><em>ἐν</em></span> <span class='ocrx_word' id='word_1_13' title='bbox 1055 274 1113 327; x_wconf 75' lang='grc' dir='ltr'><em>τῷ·</em></span> <span class='ocrx_word' id='word_1_14' title='bbox 1137 271 1376 328; x_wconf 75' lang='grc' dir='ltr'><em>δημηγορεῖν</em></span> <span class='ocrx_word' id='word_1_15' title='bbox 1400 271 1538 322; x_wconf 78' lang='grc' dir='ltr'><em>αὐτοῖς</em></span> 
     </span>
     <span class='ocr_line' id='line_1_3' title="bbox 21 337 1536 399; baseline 0.001 -17"><span class='ocrx_word' id='word_1_16' title='bbox 21 349 47 399; x_wconf 55' lang='grc' dir='ltr'><em>ξ’</em></span> <span class='ocrx_word' id='word_1_17' title='bbox 65 340 144 386; x_wconf 70' lang='grc' dir='ltr'><em>ὕπὸ</em></span> <span class='ocrx_word' id='word_1_18' title='bbox 166 339 300 398; x_wconf 76' lang='grc' dir='ltr'><em>γήρως</em></span> <span class='ocrx_word' id='word_1_19' title='bbox 320 340 538 395; x_wconf 79' lang='grc' dir='ltr'><em>ἀπέψυξεν,</em></span> <span class='ocrx_word' id='word_1_20' title='bbox 571 337 593 383; x_wconf 83' lang='grc' dir='ltr'><strong>ὃ</strong></span> <span class='ocrx_word' id='word_1_21' title='bbox 618 339 667 383; x_wconf 76' lang='grc' dir='ltr'><em>δέ</em></span> <span class='ocrx_word' id='word_1_22' title='bbox 680 356 722 396; x_wconf 77' lang='grc' dir='ltr'><em>γε</em></span> <span class='ocrx_word' id='word_1_23' title='bbox 743 339 966 395; x_wconf 79' lang='grc' dir='ltr'><strong><em>Φλαμίνιος</em></strong></span> <span class='ocrx_word' id='word_1_24' title='bbox 989 339 1029 389; x_wconf 79' lang='grc' dir='ltr'><em>ἒς</em></span> <span class='ocrx_word' id='word_1_25' title='bbox 1051 338 1125 394; x_wconf 80' lang='grc' dir='ltr'><em>τὴν</em></span> <span class='ocrx_word' id='word_1_26' title='bbox 1151 339 1379 384; x_wconf 77' lang='grc' dir='ltr'><strong><em>Θεσσαλίαν</em></strong></span> <span class='ocrx_word' id='word_1_27' title='bbox 1402 342 1536 384; x_wconf 72' lang='grc' dir='ltr'><em>ἐλθὼν</em></span> 
     </span>
     <span class='ocr_line' id='line_1_4' title="bbox 68 406 1534 471; baseline -0.002 -16.103"><span class='ocrx_word' id='word_1_28' title='bbox 68 415 125 471; x_wconf 73' lang='grc' dir='ltr'><em>τῷ</em></span> <span class='ocrx_word' id='word_1_29' title='bbox 160 411 349 468; x_wconf 82' lang='grc' dir='ltr'><em>Φιλίππῳ</em></span> <span class='ocrx_word' id='word_1_30' title='bbox 382 408 610 466; x_wconf 74' lang='grc' dir='ltr'><strong><em>προσέμιξε.</em></strong></span> <span class='ocrx_word' id='word_1_31' title='bbox 690 409 756 451; x_wconf 80' lang='grc' dir='ltr'><em>καὶ</em></span> <span class='ocrx_word' id='word_1_32' title='bbox 788 407 1038 461; x_wconf 78' lang='grc' dir='ltr'><em>ἱππομαχίαν</em></span> <span class='ocrx_word' id='word_1_33' title='bbox 1069 406 1332 463; x_wconf 73' lang='grc' dir='ltr'><em>ἐποιήσαντο·</em></span> <span class='ocrx_word' id='word_1_34' title='bbox 1377 409 1422 452; x_wconf 82' lang='grc' dir='ltr'><em>τὸ</em></span> <span class='ocrx_word' id='word_1_35' title='bbox 1456 410 1534 467; x_wconf 79' lang='grc' dir='ltr'><em>γὰρ</em></span> 
     </span>
     <span class='ocr_line' id='line_1_5' title="bbox 21 470 1536 536; baseline -0.001 -13.943"><span class='ocrx_word' id='word_1_36' title='bbox 21 476 216 536; x_wconf 79' lang='grc' dir='ltr'><em>χωρίον</em></span> <span class='ocrx_word' id='word_1_37' title='bbox 234 478 308 521; x_wconf 76' lang='grc' dir='ltr'><em>οὔκ</em></span> <span class='ocrx_word' id='word_1_38' title='bbox 326 475 548 532; x_wconf 73' lang='grc' dir='ltr'><em>ἐπιτήδειον</em></span> <span class='ocrx_word' id='word_1_39' title='bbox 566 477 669 535; x_wconf 86' lang='grc' dir='ltr'><em>πρὸς</em></span> <span class='ocrx_word' id='word_1_40' title='bbox 683 477 804 531; x_wconf 67' lang='grc' dir='ltr'><em>μείζω</em></span> <span class='ocrx_word' id='word_1_41' title='bbox 821 474 955 532; x_wconf 78' lang='grc' dir='ltr'><em>μάχην</em></span> <span class='ocrx_word' id='word_1_42' title='bbox 970 470 1042 531; x_wconf 86' lang='grc' dir='ltr'><em>ην·</em></span> <span class='ocrx_word' id='word_1_43' title='bbox 1069 476 1132 519; x_wconf 81' lang='grc' dir='ltr'><em>διὸ</em></span> <span class='ocrx_word' id='word_1_44' title='bbox 1151 494 1218 519; x_wconf 88' lang='grc' dir='ltr'><em>και</em></span> <span class='ocrx_word' id='word_1_45' title='bbox 1238 476 1365 534; x_wconf 76' lang='grc' dir='ltr'><em>α’μφω</em></span> <span class='ocrx_word' id='word_1_46' title='bbox 1385 478 1536 521; x_wconf 73' lang='grc' dir='ltr'><em>ἀπανέ-</em></span> 
     </span>
     <span class='ocr_line' id='line_1_6' title="bbox 16 543 1538 607; baseline -0.002 -14.984"><span class='ocrx_word' id='word_1_47' title='bbox 16 551 237 607; x_wconf 60' lang='grc' dir='ltr'><em>ὠστησαν</em></span> <span class='ocrx_word' id='word_1_48' title='bbox 304 549 372 590; x_wconf 81' lang='grc' dir='ltr'><em>καὶ</em></span> <span class='ocrx_word' id='word_1_49' title='bbox 407 544 510 605; x_wconf 81' lang='grc' dir='ltr'><em>πρός</em></span> <span class='ocrx_word' id='word_1_50' title='bbox 540 563 630 603; x_wconf 85' lang='grc' dir='ltr'><em>τινα</em></span> <span class='ocrx_word' id='word_1_51' title='bbox 661 544 789 603; x_wconf 80' lang='grc' dir='ltr'><strong><em>λόφον</em></strong></span> <span class='ocrx_word' id='word_1_52' title='bbox 821 543 1048 602; x_wconf 81' lang='grc' dir='ltr'><em>γενόμενοι,</em></span> <span class='ocrx_word' id='word_1_53' title='bbox 1095 562 1143 588; x_wconf 88' lang='grc' dir='ltr'><em>ου</em></span> <span class='ocrx_word' id='word_1_54' title='bbox 1174 546 1247 601; x_wconf 81' lang='grc' dir='ltr'><em>τὴν</em></span> <span class='ocrx_word' id='word_1_55' title='bbox 1284 547 1538 603; x_wconf 77' lang='grc' dir='ltr'><em>ἀκρωνυχίαν</em></span> 
     </span>
     <span class='ocr_line' id='line_1_7' title="bbox 19 604 1592 673; baseline -0.001 -14"><span class='ocrx_word' id='word_1_56' title='bbox 19 613 26 638; x_wconf 72' lang='grc'><em>’·</em></span> <span class='ocrx_word' id='word_1_57' title='bbox 32 616 206 667; x_wconf 82' lang='grc' dir='ltr'><em>Κυνὸς</em></span> <span class='ocrx_word' id='word_1_58' title='bbox 239 615 420 673; x_wconf 83' lang='grc' dir='ltr'><em>κεφαλὴν</em></span> <span class='ocrx_word' id='word_1_59' title='bbox 451 604 742 670; x_wconf 80' lang='grc' dir='ltr'><em>ὀνομάζουσιν,</em></span> <span class='ocrx_word' id='word_1_60' title='bbox 778 614 816 657; x_wconf 79' lang='grc' dir='ltr'><em>οἳ</em></span> <span class='ocrx_word' id='word_1_61' title='bbox 847 615 921 670; x_wconf 75' lang='grc' dir='ltr'><em>μὲν</em></span> <span class='ocrx_word' id='word_1_62' title='bbox 951 615 1068 658; x_wconf 69' lang='grc' dir='ltr'><em>ἔνθεν</em></span> <span class='ocrx_word' id='word_1_63' title='bbox 1100 614 1138 656; x_wconf 83' lang='grc' dir='ltr'><em>οἶ</em></span> <span class='ocrx_word' id='word_1_64' title='bbox 1169 615 1211 657; x_wconf 74' lang='grc' dir='ltr'><em>δ’</em></span> <span class='ocrx_word' id='word_1_65' title='bbox 1238 616 1392 658; x_wconf 73' lang='grc' dir='ltr'><em>ἐκεῖθεν</em></span> <span class='ocrx_word' id='word_1_66' title='bbox 1421 616 1592 670; x_wconf 57' lang='lat' dir='ltr'><em>mul-1)</em></span> 
     </span>
     <span class='ocr_line' id='line_1_8' title="bbox 69 681 1540 741; baseline -0.002 -12.106"><span class='ocrx_word' id='word_1_67' title='bbox 69 701 206 730; x_wconf 88' lang='grc' dir='ltr'><em>σαντο.</em></span> <span class='ocrx_word' id='word_1_68' title='bbox 273 686 340 727; x_wconf 77' lang='grc' dir='ltr'><em>καὶ</em></span> <span class='ocrx_word' id='word_1_69' title='bbox 362 681 635 740; x_wconf 78' lang='grc' dir='ltr'><em>μαχεσάμενοι</em></span> <span class='ocrx_word' id='word_1_70' title='bbox 656 691 740 734; x_wconf 84' lang='grc' dir='ltr'><em>τοῖς</em></span> <span class='ocrx_word' id='word_1_71' title='bbox 762 683 1058 741; x_wconf 78' lang='grc' dir='ltr'><em>στρατεύμασιν</em></span> <span class='ocrx_word' id='word_1_72' title='bbox 1089 682 1239 727; x_wconf 80' lang='grc' dir='ltr'><em>ἅπασιν</em></span> <span class='ocrx_word' id='word_1_73' title='bbox 1263 684 1507 735; x_wconf 79' lang='grc' dir='ltr'><em>ἲσοπαλεῖς’</em></span> <span class='ocrx_word' id='word_1_74' title='bbox 1490 703 1540 726; x_wconf 89' lang='grc' dir='ltr'><em>αν</em></span> 
     </span>
     <span class='ocr_line' id='line_1_9' title="bbox 16 750 1541 810; baseline -0.001 -13"><span class='ocrx_word' id='word_1_75' title='bbox 16 750 21 762; x_wconf 73' lang='grc'><em>”</em></span> <span class='ocrx_word' id='word_1_76' title='bbox 70 751 382 810; x_wconf 77' lang='grc' dir='ltr'><em>ἀπηλλάγησαν,</em></span> <span class='ocrx_word' id='word_1_77' title='bbox 417 754 452 795; x_wconf 76' lang='grc' dir='ltr'><em>εἰ</em></span> <span class='ocrx_word' id='word_1_78' title='bbox 473 752 532 807; x_wconf 84' lang='grc' dir='ltr'><em>μὴ</em></span> <span class='ocrx_word' id='word_1_79' title='bbox 556 753 594 794; x_wconf 78' lang='grc' dir='ltr'><em>οἱ</em></span> <span class='ocrx_word' id='word_1_80' title='bbox 615 754 795 795; x_wconf 80' lang='grc' dir='ltr'><em>Αῗτωλοὶ</em></span> <span class='ocrx_word' id='word_1_81' title='bbox 819 753 1173 810; x_wconf 72' lang='grc' dir='ltr'><em>ἐπικρατεστέρους</em></span> <span class='ocrx_word' id='word_1_82' title='bbox 1196 771 1290 804; x_wconf 86' lang='grc' dir='ltr'><em>τους</em></span> <span class='ocrx_word' id='word_1_83' title='bbox 1308 751 1541 808; x_wconf 67' lang='grc' dir='ltr'><em>εΡωμαίους</em></span> 
     </span>
     <span class='ocr_line' id='line_1_10' title="bbox 20 816 1542 880; baseline -0.001 -14"><span class='ocrx_word' id='word_1_84' title='bbox 20 827 23 833; x_wconf 77' lang='lat'><em>&#39;</em></span> <span class='ocrx_word' id='word_1_85' title='bbox 70 823 273 878; x_wconf 75' lang='grc' dir='ltr'><em>ἐποίησαν.</em></span> <span class='ocrx_word' id='word_1_86' title='bbox 339 818 530 876; x_wconf 69' lang='grc' dir='ltr'><em>’ἡττηθεὶς</em></span> <span class='ocrx_word' id='word_1_87' title='bbox 552 816 622 864; x_wconf 70' lang='grc' dir='ltr'><em>οὖν</em></span> <span class='ocrx_word' id='word_1_88' title='bbox 644 819 664 864; x_wconf 84' lang='grc' dir='ltr'><em>ὃ</em></span> <span class='ocrx_word' id='word_1_89' title='bbox 688 823 888 872; x_wconf 84' lang='grc' dir='ltr'><em>Φίλιππος</em></span> <span class='ocrx_word' id='word_1_90' title='bbox 909 825 975 864; x_wconf 84' lang='grc' dir='ltr'><em>καὶ</em></span> <span class='ocrx_word' id='word_1_91' title='bbox 1000 821 1152 880; x_wconf 83' lang='grc' dir='ltr'><em>φυγών,</em></span> <span class='ocrx_word' id='word_1_92' title='bbox 1188 821 1271 866; x_wconf 76' lang='grc' dir='ltr'><em>εἶτα</em></span> <span class='ocrx_word' id='word_1_93' title='bbox 1293 822 1445 877; x_wconf 75' lang='grc' dir='ltr'><em>μαθών</em></span> <span class='ocrx_word' id='word_1_94' title='bbox 1469 820 1542 876; x_wconf 87' lang='grc' dir='ltr'><em>τήν</em></span> 
     </span>
     <span class='ocr_line' id='line_1_11' title="bbox 10 889 1543 950; baseline -0.001 -15"><span class='ocrx_word' id='word_1_95' title='bbox 10 898 113 950; x_wconf 55' lang='lat'><em>201⁶</em></span> <span class='ocrx_word' id='word_1_96' title='bbox 130 889 358 948; x_wconf 78' lang='grc' dir='ltr'><em>’Λάρισσαν</em></span> <span class='ocrx_word' id='word_1_97' title='bbox 389 890 458 932; x_wconf 82' lang='grc' dir='ltr'><em>καὶ</em></span> <span class='ocrx_word' id='word_1_98' title='bbox 487 889 562 940; x_wconf 81' lang='grc' dir='ltr'><em>τὰς</em></span> <span class='ocrx_word' id='word_1_99' title='bbox 591 892 680 947; x_wconf 81' lang='grc' dir='ltr'><em>περὶ</em></span> <span class='ocrx_word' id='word_1_100' title='bbox 706 890 832 945; x_wconf 73' lang='grc' dir='ltr'><em>αὐτὴν</em></span> <span class='ocrx_word' id='word_1_101' title='bbox 856 889 991 942; x_wconf 86' lang='grc' dir='ltr'><em>πόλεις</em></span> <span class='ocrx_word' id='word_1_102' title='bbox 1011 892 1063 934; x_wconf 83' lang='grc' dir='ltr'><em>τὰ</em></span> <span class='ocrx_word' id='word_1_103' title='bbox 1086 895 1159 934; x_wconf 82' lang='grc' dir='ltr'><em>τοῦ</em></span> <span class='ocrx_word' id='word_1_104' title='bbox 1180 890 1417 944; x_wconf 85' lang='grc' dir='ltr'><em>νικήσαντος</em></span> <span class='ocrx_word' id='word_1_105' title='bbox 1438 889 1543 949; x_wconf 68' lang='grc' dir='ltr'><em>ᾑρη-</em></span> 
     </span>
     <span class='ocr_line' id='line_1_12' title="bbox 23 955 1543 1017; baseline 0 -14"><span class='ocrx_word' id='word_1_106' title='bbox 23 959 25 966; x_wconf 73' lang='grc'><em>’</em></span> <span class='ocrx_word' id='word_1_107' title='bbox 70 961 219 1016; x_wconf 74' lang='grc' dir='ltr'><em>μένας,</em></span> <span class='ocrx_word' id='word_1_108' title='bbox 251 955 598 1015; x_wconf 74' lang='grc' dir='ltr'><em>ἐπεκηρυκεύσατο</em></span> <span class='ocrx_word' id='word_1_109' title='bbox 629 963 687 1016; x_wconf 79' lang='grc' dir='ltr'><em>τῷ</em></span> <span class='ocrx_word' id='word_1_110' title='bbox 714 961 940 1017; x_wconf 79' lang='grc' dir='ltr'><em>Φλαμινίῳ.</em></span> <span class='ocrx_word' id='word_1_111' title='bbox 1010 962 1076 1003; x_wconf 85' lang='grc' dir='ltr'><em>καὶ</em></span> <span class='ocrx_word' id='word_1_112' title='bbox 1103 960 1148 1011; x_wconf 79' lang='grc' dir='ltr'><em>ὃς</em></span> <span class='ocrx_word' id='word_1_113' title='bbox 1170 962 1404 1012; x_wconf 77' lang='grc' dir='ltr'><em>ἐσπείσατο,</em></span> <span class='ocrx_word' id='word_1_114' title='bbox 1436 959 1543 1017; x_wconf 55' lang='grc' dir='ltr'><em>χρήο</em></span> 
     </span>
     <span class='ocr_line' id='line_1_13' title="bbox 70 1024 1544 1085; baseline -0.001 -13"><span class='ocrx_word' id='word_1_115' title='bbox 70 1026 184 1085; x_wconf 80' lang='grc' dir='ltr'><em>ματά</em></span> <span class='ocrx_word' id='word_1_116' title='bbox 205 1044 247 1071; x_wconf 82' lang='grc' dir='ltr'><em>τε</em></span> <span class='ocrx_word' id='word_1_117' title='bbox 269 1031 343 1071; x_wconf 81' lang='grc' dir='ltr'><em>τοῦ</em></span> <span class='ocrx_word' id='word_1_118' title='bbox 368 1027 572 1069; x_wconf 86' lang='grc' dir='ltr'><em>Φιλίππου</em></span> <span class='ocrx_word' id='word_1_119' title='bbox 596 1024 737 1078; x_wconf 83' lang='grc' dir='ltr'><em>δόντος</em></span> <span class='ocrx_word' id='word_1_120' title='bbox 758 1029 824 1069; x_wconf 79' lang='grc' dir='ltr'><em>καὶ</em></span> <span class='ocrx_word' id='word_1_121' title='bbox 850 1026 1029 1085; x_wconf 84' lang='grc' dir='ltr'><em>ὁμήρους</em></span> <span class='ocrx_word' id='word_1_122' title='bbox 1051 1028 1200 1080; x_wconf 70' lang='grc' dir='ltr'><em>ἄλλους</em></span> <span class='ocrx_word' id='word_1_123' title='bbox 1231 1047 1274 1072; x_wconf 83' lang='grc' dir='ltr'><em>τε</em></span> <span class='ocrx_word' id='word_1_124' title='bbox 1298 1031 1364 1072; x_wconf 82' lang='grc' dir='ltr'><em>καὶ</em></span> <span class='ocrx_word' id='word_1_125' title='bbox 1388 1029 1457 1072; x_wconf 83' lang='grc' dir='ltr'><em>τὸν</em></span> <span class='ocrx_word' id='word_1_126' title='bbox 1481 1031 1544 1071; x_wconf 83' lang='grc' dir='ltr'><em>οἷ-</em></span> 
     </span>
     <span class='ocr_line' id='line_1_14' title="bbox 19 1093 1545 1156; baseline -0.001 -14"><span class='ocrx_word' id='word_1_127' title='bbox 19 1110 29 1119; x_wconf 69' lang='lat'><strong>⁵</strong></span> <span class='ocrx_word' id='word_1_128' title='bbox 73 1104 178 1142; x_wconf 79' lang='grc' dir='ltr'><em>κεῒον</em></span> <span class='ocrx_word' id='word_1_129' title='bbox 207 1095 297 1140; x_wconf 78' lang='grc' dir='ltr'><em>υἱὸν</em></span> <span class='ocrx_word' id='word_1_130' title='bbox 330 1093 597 1152; x_wconf 84' lang='grc' dir='ltr'><em>Δημήτριον,</em></span> <span class='ocrx_word' id='word_1_131' title='bbox 643 1097 710 1138; x_wconf 83' lang='grc' dir='ltr'><em>καὶ</em></span> <span class='ocrx_word' id='word_1_132' title='bbox 743 1096 930 1154; x_wconf 77' lang='grc' dir='ltr'><em>πρέσβεις</em></span> <span class='ocrx_word' id='word_1_133' title='bbox 963 1094 1063 1155; x_wconf 71' lang='grc' dir='ltr'><em>ὑπὲρ</em></span> <span class='ocrx_word' id='word_1_134' title='bbox 1097 1102 1170 1153; x_wconf 86' lang='grc' dir='ltr'><em>τῆς</em></span> <span class='ocrx_word' id='word_1_135' title='bbox 1204 1095 1362 1156; x_wconf 80' lang='grc' dir='ltr'><em>εἰρήνης</em></span> <span class='ocrx_word' id='word_1_136' title='bbox 1395 1101 1450 1148; x_wconf 79' lang='grc' dir='ltr'><em>εἰς</em></span> <span class='ocrx_word' id='word_1_137' title='bbox 1472 1098 1545 1153; x_wconf 87' lang='grc' dir='ltr'><em>τὴν</em></span> 
     </span>
     <span class='ocr_line' id='line_1_15' title="bbox 66 1164 551 1222; baseline -0.007 -11.367"><span class='ocrx_word' id='word_1_138' title='bbox 66 1164 234 1222; x_wconf 75' lang='grc' dir='ltr'><em>Ῥώμην</em></span> <span class='ocrx_word' id='word_1_139' title='bbox 257 1165 551 1220; x_wconf 72' lang='grc' dir='ltr'><em>ἐκπέμψαντος.</em></span> 
     </span>
     <span class='ocr_line' id='line_1_16' title="bbox 16 1228 1545 1293; baseline -0.001 -16"><span class='ocrx_word' id='word_1_140' title='bbox 16 1240 62 1284; x_wconf 58' lang='grc'><em>15</em></span> <span class='ocrx_word' id='word_1_141' title='bbox 204 1234 273 1277; x_wconf 87' lang='grc' dir='ltr'><em>Ἐν</em></span> <span class='ocrx_word' id='word_1_142' title='bbox 307 1228 340 1293; x_wconf 77' lang='grc' dir='ltr'><em>ᾧ</em></span> <span class='ocrx_word' id='word_1_143' title='bbox 363 1234 408 1277; x_wconf 74' lang='grc' dir='ltr'><em>δὲ</em></span> <span class='ocrx_word' id='word_1_144' title='bbox 429 1238 558 1278; x_wconf 80' lang='grc' dir='ltr'><em>ταῦτα</em></span> <span class='ocrx_word' id='word_1_145' title='bbox 582 1231 796 1291; x_wconf 74' lang='grc' dir='ltr'><em>ἐπράττετο</em></span> <span class='ocrx_word' id='word_1_146' title='bbox 807 1266 821 1286; x_wconf 92' lang='grc'><em>,</em></span> <span class='ocrx_word' id='word_1_147' title='bbox 866 1236 932 1276; x_wconf 81' lang='grc' dir='ltr'><em>καὶ</em></span> <span class='ocrx_word' id='word_1_148' title='bbox 959 1234 1253 1291; x_wconf 73' lang='grc' dir='ltr'><em>Ἀνδροσθένης</em></span> <span class='ocrx_word' id='word_1_149' title='bbox 1275 1232 1442 1290; x_wconf 66' lang='grc' dir='ltr'><em>ἐνικήθη</em></span> <span class='ocrx_word' id='word_1_150' title='bbox 1465 1232 1545 1276; x_wconf 77' lang='grc' dir='ltr'><em>ὕπὸ</em></span> 
     </span>
     <span class='ocr_line' id='line_1_17' title="bbox 23 1300 1546 1360; baseline -0.002 -12"><span class='ocrx_word' id='word_1_151' title='bbox 23 1311 25 1314; x_wconf 82' lang='lat'>&#39;</span> <span class='ocrx_word' id='word_1_152' title='bbox 71 1309 152 1348; x_wconf 79' lang='grc' dir='ltr'><em>τῶν</em></span> <span class='ocrx_word' id='word_1_153' title='bbox 181 1303 355 1359; x_wconf 78' lang='grc' dir='ltr'><em>Ἀχαιῶν</em></span> <span class='ocrx_word' id='word_1_154' title='bbox 390 1304 458 1346; x_wconf 80' lang='grc' dir='ltr'><em>καὶ</em></span> <span class='ocrx_word' id='word_1_155' title='bbox 491 1302 566 1358; x_wconf 85' lang='grc' dir='ltr'><em>τὴν</em></span> <span class='ocrx_word' id='word_1_156' title='bbox 601 1300 811 1360; x_wconf 74' lang='grc' dir='ltr'><em>Κόρινθον</em></span> <span class='ocrx_word' id='word_1_157' title='bbox 849 1302 1040 1357; x_wconf 75' lang='grc' dir='ltr'><em>ἀπέβαλε.</em></span> <span class='ocrx_word' id='word_1_158' title='bbox 1111 1305 1176 1345; x_wconf 82' lang='grc' dir='ltr'><em>καὶ</em></span> <span class='ocrx_word' id='word_1_159' title='bbox 1211 1302 1232 1346; x_wconf 84' lang='grc' dir='ltr'><strong>ὃ</strong></span> <span class='ocrx_word' id='word_1_160' title='bbox 1269 1304 1493 1358; x_wconf 82' lang='grc' dir='ltr'><em>Φλαμίνιος</em></span> <span class='ocrx_word' id='word_1_161' title='bbox 1523 1302 1546 1345; x_wconf 81' lang='grc' dir='ltr'>ὁ</span> 
     </span>
     <span class='ocr_line' id='line_1_18' title="bbox 72 1369 1548 1430; baseline -0.001 -14"><span class='ocrx_word' id='word_1_162' title='bbox 72 1371 259 1423; x_wconf 80' lang='grc' dir='ltr'><em>Λούκιος</em></span> <span class='ocrx_word' id='word_1_163' title='bbox 291 1372 355 1414; x_wconf 76' lang='grc' dir='ltr'><em>ἐπὶ</em></span> <span class='ocrx_word' id='word_1_164' title='bbox 387 1375 461 1414; x_wconf 79' lang='grc' dir='ltr'><em>τοῦ</em></span> <span class='ocrx_word' id='word_1_165' title='bbox 493 1375 682 1414; x_wconf 81' lang='grc' dir='ltr'><em>ναυτικοῦ</em></span> <span class='ocrx_word' id='word_1_166' title='bbox 716 1369 799 1423; x_wconf 74' lang='grc' dir='ltr'><em>ὤν,</em></span> <span class='ocrx_word' id='word_1_167' title='bbox 829 1372 912 1414; x_wconf 72' lang='grc' dir='ltr'><em>ἐπεὶ</em></span> <span class='ocrx_word' id='word_1_168' title='bbox 943 1372 1001 1426; x_wconf 87' lang='grc' dir='ltr'><em>μὴ</em></span> <span class='ocrx_word' id='word_1_169' title='bbox 1027 1371 1162 1415; x_wconf 68' lang='grc' dir='ltr'><em>ἔπειθε</em></span> <span class='ocrx_word' id='word_1_170' title='bbox 1185 1372 1280 1423; x_wconf 69' lang='grc' dir='ltr'><em>τοὺς</em></span> <span class='ocrx_word' id='word_1_171' title='bbox 1299 1373 1548 1430; x_wconf 82' lang='grc' dir='ltr'><em>Ἀκαρνᾶνας</em></span> 
     </span>
     <span class='ocr_line' id='line_1_19' title="bbox 71 1438 1742 1525; baseline -0.001 -40"><span class='ocrx_word' id='word_1_172' title='bbox 71 1443 130 1499; x_wconf 87' lang='grc' dir='ltr'><em>μὴ</em></span> <span class='ocrx_word' id='word_1_173' title='bbox 155 1447 380 1497; x_wconf 77' lang='grc' dir='ltr'><em>συμμαχεῖν</em></span> <span class='ocrx_word' id='word_1_174' title='bbox 401 1444 459 1499; x_wconf 81' lang='grc' dir='ltr'><em>τῶ</em></span> <span class='ocrx_word' id='word_1_175' title='bbox 485 1441 689 1499; x_wconf 79' lang='grc' dir='ltr'><em>Φιλίππῳ,</em></span> <span class='ocrx_word' id='word_1_176' title='bbox 713 1438 786 1496; x_wconf 92' lang='grc' dir='ltr'><em>τήν</em></span> <span class='ocrx_word' id='word_1_177' title='bbox 808 1458 850 1483; x_wconf 87' lang='grc' dir='ltr'><em>τε</em></span> <span class='ocrx_word' id='word_1_178' title='bbox 867 1438 1071 1483; x_wconf 77' lang='grc' dir='ltr'><em>Λευκάδα</em></span> <span class='ocrx_word' id='word_1_179' title='bbox 1087 1442 1298 1525; x_wconf 88' lang='grc' dir='ltr'><em>πολιορκία</em></span> <span class='ocrx_word' id='word_1_180' title='bbox 1316 1439 1395 1484; x_wconf 85' lang='grc' dir='ltr'><em>ειλε</em></span> <span class='ocrx_word' id='word_1_181' title='bbox 1413 1443 1548 1484; x_wconf 82' lang='grc' dir='ltr'><em>κάκεί-</em></span> <span class='ocrx_word' id='word_1_182' title='bbox 1572 1455 1602 1490; x_wconf 86' lang='grc' dir='ltr'>Ρ</span> <span class='ocrx_word' id='word_1_183' title='bbox 1629 1456 1649 1491; x_wconf 82' lang='lat'>1</span> <span class='ocrx_word' id='word_1_184' title='bbox 1670 1458 1742 1495; x_wconf 73' lang='lat'><em>447</em></span> 
     </span>
     <span class='ocr_line' id='line_1_20' title="bbox 74 1503 1549 1571; baseline -0.001 -16"><span class='ocrx_word' id='word_1_185' title='bbox 74 1529 168 1562; x_wconf 83' lang='grc' dir='ltr'><em>νους</em></span> <span class='ocrx_word' id='word_1_186' title='bbox 189 1510 293 1566; x_wconf 80' lang='grc' dir='ltr'><em>μετὰ</em></span> <span class='ocrx_word' id='word_1_187' title='bbox 315 1512 435 1554; x_wconf 75' lang='grc' dir='ltr'><em>τοῦτο</em></span> <span class='ocrx_word' id='word_1_188' title='bbox 458 1509 532 1563; x_wconf 79' lang='grc' dir='ltr'><em>τὴν</em></span> <span class='ocrx_word' id='word_1_189' title='bbox 554 1503 678 1564; x_wconf 82' lang='grc' dir='ltr'><em>ἧτταν</em></span> <span class='ocrx_word' id='word_1_190' title='bbox 701 1513 774 1552; x_wconf 79' lang='grc' dir='ltr'><em>τοῦ</em></span> <span class='ocrx_word' id='word_1_191' title='bbox 800 1511 1003 1553; x_wconf 88' lang='grc' dir='ltr'><em>Φιλίππου</em></span> <span class='ocrx_word' id='word_1_192' title='bbox 1027 1509 1195 1566; x_wconf 79' lang='grc' dir='ltr'><em>γνόντας</em></span> <span class='ocrx_word' id='word_1_193' title='bbox 1218 1510 1315 1571; x_wconf 77' lang='grc' dir='ltr'><em>ῥᾷον</em></span> <span class='ocrx_word' id='word_1_194' title='bbox 1339 1528 1549 1569; x_wconf 87' lang='grc' dir='ltr'><em>συμπαρε-</em></span> 
     </span>
     <span class='ocr_line' id='line_1_21' title="bbox 6 1578 267 1637; baseline -0.021 -9.832"><span class='ocrx_word' id='word_1_195' title='bbox 6 1578 267 1637; x_wconf 63' lang='grc' dir='ltr'><em>Ωθστήσατο.</em></span> 
     </span>
     <span class='ocr_line' id='line_1_22' title="bbox 216 1646 1549 1703; baseline -0.003 -11"><span class='ocrx_word' id='word_1_196' title='bbox 216 1647 336 1692; x_wconf 83' lang='grc' dir='ltr'><em>Οῧτω</em></span> <span class='ocrx_word' id='word_1_197' title='bbox 369 1648 444 1702; x_wconf 77' lang='grc' dir='ltr'><em>μὲν</em></span> <span class='ocrx_word' id='word_1_198' title='bbox 477 1663 549 1690; x_wconf 87' lang='grc' dir='ltr'><em>ουν</em></span> <span class='ocrx_word' id='word_1_199' title='bbox 571 1664 593 1690; x_wconf 93' lang='grc' dir='ltr'><em>ο</em></span> <span class='ocrx_word' id='word_1_200' title='bbox 620 1647 904 1698; x_wconf 78' lang='grc' dir='ltr'><em>Μακεδονικὸς</em></span> <span class='ocrx_word' id='word_1_201' title='bbox 927 1647 1087 1691; x_wconf 72' lang='grc' dir='ltr'><em>ἐλέλυτο</em></span> <span class='ocrx_word' id='word_1_202' title='bbox 1120 1646 1319 1703; x_wconf 84' lang='grc' dir='ltr'><em>πόλεμος,</em></span> <span class='ocrx_word' id='word_1_203' title='bbox 1355 1650 1421 1690; x_wconf 84' lang='grc' dir='ltr'><em>καὶ</em></span> <span class='ocrx_word' id='word_1_204' title='bbox 1446 1648 1483 1691; x_wconf 81' lang='grc' dir='ltr'><em>οἳ</em></span> <span class='ocrx_word' id='word_1_205' title='bbox 1508 1649 1549 1690; x_wconf 77' lang='grc' dir='ltr'><em>ἓν</em></span> 
     </span>
     <span class='ocr_line' id='line_1_23' title="bbox 74 1714 1551 1776; baseline -0.001 -15"><span class='ocrx_word' id='word_1_206' title='bbox 74 1723 124 1776; x_wconf 84' lang='grc' dir='ltr'><em>τῇ</em></span> <span class='ocrx_word' id='word_1_207' title='bbox 153 1715 299 1775; x_wconf 73' lang='grc' dir='ltr'><em>Ῥώμῃ</em></span> <span class='ocrx_word' id='word_1_208' title='bbox 335 1720 392 1776; x_wconf 78' lang='grc' dir='ltr'><em>τῷ</em></span> <span class='ocrx_word' id='word_1_209' title='bbox 432 1716 621 1775; x_wconf 82' lang='grc' dir='ltr'><em>Φιλίππῳ</em></span> <span class='ocrx_word' id='word_1_210' title='bbox 654 1714 895 1771; x_wconf 71' lang='grc' dir='ltr'><em>ἕτοιμότατα</em></span> <span class='ocrx_word' id='word_1_211' title='bbox 928 1714 1235 1774; x_wconf 81' lang='grc' dir='ltr'><em>συνηλλάγησαν</em></span> <span class='ocrx_word' id='word_1_212' title='bbox 1265 1718 1328 1759; x_wconf 73' lang='grc' dir='ltr'><em>ἐπὶ</em></span> <span class='ocrx_word' id='word_1_213' title='bbox 1362 1722 1420 1776; x_wconf 74' lang='grc' dir='ltr'><em>τῷ</em></span> <span class='ocrx_word' id='word_1_214' title='bbox 1454 1717 1551 1767; x_wconf 77' lang='grc' dir='ltr'><em>τοὺς</em></span> 
     </span>
    </p>
   </div>
   <div class='ocr_carea' id='block_1_3' title="bbox 169 1839 1553 1993">
    <p class='ocr_par' dir='ltr' id='par_1_3' title="bbox 169 1839 1553 1983">
     <span class='ocr_line' id='line_1_24' title="bbox 170 1839 1549 1894; baseline -0.001 -11"><span class='ocrx_word' id='word_1_215' title='bbox 170 1851 188 1883; x_wconf 83' lang='lat'>1</span> <span class='ocrx_word' id='word_1_216' title='bbox 214 1843 352 1888; x_wconf 73' lang='grc' dir='ltr'><em>αὐτοῦς</em></span> <span class='ocrx_word' id='word_1_217' title='bbox 372 1847 416 1882; x_wconf 83' lang='grc' dir='ltr'><em>Β.</em></span> <span class='ocrx_word' id='word_1_218' title='bbox 507 1847 531 1883; x_wconf 85' lang='grc'>9</span> <span class='ocrx_word' id='word_1_219' title='bbox 553 1844 732 1892; x_wconf 77' lang='grc' dir='ltr'><em>ἡττηθεὶς</em></span> <span class='ocrx_word' id='word_1_220' title='bbox 754 1839 823 1881; x_wconf 83' lang='grc' dir='ltr'><em>οὖν</em></span> <span class='ocrx_word' id='word_1_221' title='bbox 846 1867 891 1872; x_wconf 92' lang='grc'><strong>-</strong></span> <span class='ocrx_word' id='word_1_222' title='bbox 917 1850 959 1884; x_wconf 88' lang='lat'><em>11</em></span> <span class='ocrx_word' id='word_1_223' title='bbox 978 1846 1169 1883; x_wconf 81' lang='grc' dir='ltr'><em>ἐσπείσατο</em></span> <span class='ocrx_word' id='word_1_224' title='bbox 1194 1849 1318 1884; x_wconf 87' lang='lat' dir='ltr'><strong>Dionis</strong></span> <span class='ocrx_word' id='word_1_225' title='bbox 1343 1853 1549 1894; x_wconf 83' lang='lat' dir='ltr'><strong>excerptum</strong></span> 
     </span>
     <span class='ocr_line' id='line_1_25' title="bbox 169 1890 1552 1940; baseline -0.001 -11"><span class='ocrx_word' id='word_1_226' title='bbox 169 1894 398 1930; x_wconf 83' lang='lat' dir='ltr'><strong>Ursinianum</strong></span> <span class='ocrx_word' id='word_1_227' title='bbox 434 1891 513 1930; x_wconf 79' lang='lat'>157.</span> <span class='ocrx_word' id='word_1_228' title='bbox 699 1894 744 1928; x_wconf 92' lang='grc'><em>10</em></span> <span class='ocrx_word' id='word_1_229' title='bbox 771 1890 839 1937; x_wconf 81' lang='grc' dir='ltr'><em>λοὶρ</em></span> <span class='ocrx_word' id='word_1_230' title='bbox 842 1904 946 1928; x_wconf 83' lang='grc' dir='ltr'><em>ισσαν</em></span> <span class='ocrx_word' id='word_1_231' title='bbox 968 1894 1029 1929; x_wconf 87' lang='grc' dir='ltr'><em>ΑΒ</em></span> <span class='ocrx_word' id='word_1_232' title='bbox 1056 1901 1094 1929; x_wconf 87' lang='lat' dir='ltr'><em>ut</em></span> <span class='ocrx_word' id='word_1_233' title='bbox 1117 1895 1236 1940; x_wconf 87' lang='lat' dir='ltr'><strong>infra,</strong></span> <span class='ocrx_word' id='word_1_234' title='bbox 1271 1892 1438 1940; x_wconf 78' lang='grc' dir='ltr'><em>Λάρισαν</em></span> <span class='ocrx_word' id='word_1_235' title='bbox 1464 1895 1552 1928; x_wconf 85' lang='lat' dir='ltr'><em>PW.</em></span> 
     </span>
     <span class='ocr_line' id='line_1_26' title="bbox 170 1935 1553 1993; baseline -0.001 -17"><span class='ocrx_word' id='word_1_236' title='bbox 170 1937 290 1980; x_wconf 73' lang='grc' dir='ltr'><em>αὐτὰς</em></span> <span class='ocrx_word' id='word_1_237' title='bbox 310 1940 354 1975; x_wconf 88' lang='lat' dir='ltr'><em>C.</em></span> <span class='ocrx_word' id='word_1_238' title='bbox 510 1938 556 1974; x_wconf 87' lang='lat'><em>13</em></span> <span class='ocrx_word' id='word_1_239' title='bbox 580 1935 648 1993; x_wconf 80' lang='grc' dir='ltr'><em>τὴν</em></span> <span class='ocrx_word' id='word_1_240' title='bbox 673 1939 740 1973; x_wconf 89' lang='lat' dir='ltr'><em>add</em></span> <span class='ocrx_word' id='word_1_241' title='bbox 764 1939 838 1974; x_wconf 89' lang='grc' dir='ltr'><em>ΑΒ.</em></span> <span class='ocrx_word' id='word_1_242' title='bbox 992 1941 1035 1976; x_wconf 84' lang='lat'><em>21</em></span> <span class='ocrx_word' id='word_1_243' title='bbox 1062 1953 1130 1975; x_wconf 87' lang='grc' dir='ltr'><em>ουν</em></span> <span class='ocrx_word' id='word_1_244' title='bbox 1153 1942 1220 1976; x_wconf 90' lang='lat' dir='ltr'><em>add</em></span> <span class='ocrx_word' id='word_1_245' title='bbox 1244 1942 1288 1978; x_wconf 83' lang='lat' dir='ltr'><em>A.</em></span> <span class='ocrx_word' id='word_1_246' title='bbox 1425 1941 1471 1975; x_wconf 77' lang='lat'><em>22</em></span> <span class='ocrx_word' id='word_1_247' title='bbox 1491 1937 1553 1975; x_wconf 80' lang='grc' dir='ltr'><em>ἐπὶ</em></span> 
     </span>
    </p>
   </div>
   <div class='ocr_carea' id='block_1_4' title="bbox 170 1980 925 2035">
    <p class='ocr_par' dir='ltr' id='par_1_4' title="bbox 170 1980 925 2035">
     <span class='ocr_line' id='line_1_27' title="bbox 170 1980 925 2035; baseline 0 -14"><span class='ocrx_word' id='word_1_248' title='bbox 170 1987 223 2035; x_wconf 73' lang='grc' dir='ltr'><em>τῷ</em></span> <span class='ocrx_word' id='word_1_249' title='bbox 246 2006 290 2013; x_wconf 94' lang='grc'>-</span> <span class='ocrx_word' id='word_1_250' title='bbox 316 1998 352 2033; x_wconf 85' lang='lat' dir='ltr'><em>p.</em></span> <span class='ocrx_word' id='word_1_251' title='bbox 377 1986 447 2022; x_wconf 79' lang='lat'><em>252</em></span> <span class='ocrx_word' id='word_1_252' title='bbox 473 1998 508 2021; x_wconf 82' lang='lat' dir='ltr'><em>v.</em></span> <span class='ocrx_word' id='word_1_253' title='bbox 528 1987 546 2020; x_wconf 92' lang='lat'>1</span> <span class='ocrx_word' id='word_1_254' title='bbox 573 1980 778 2030; x_wconf 78' lang='grc' dir='ltr'><em>ἐλέφαντας</em></span> <span class='ocrx_word' id='word_1_255' title='bbox 804 1997 858 2021; x_wconf 86' lang='grc' dir='ltr'><em>οιιι</em></span> <span class='ocrx_word' id='word_1_256' title='bbox 881 1986 925 2020; x_wconf 88' lang='lat' dir='ltr'><em>A.</em></span> 
     </span>
    </p>
   </div>
   <div class='ocr_carea' id='block_1_5' title="bbox 15 2100 1568 2890">
    <p class='ocr_par' dir='ltr' id='par_1_5' title="bbox 15 2100 1567 2890">
     <span class='ocr_line' id='line_1_28' title="bbox 79 2100 1554 2146; baseline -0.001 -8"><span class='ocrx_word' id='word_1_257' title='bbox 79 2102 216 2138; x_wconf 74' lang='lat' dir='ltr'><em>Attalus</em></span> <span class='ocrx_word' id='word_1_258' title='bbox 250 2101 330 2136; x_wconf 89' lang='lat' dir='ltr'><em>dum</em></span> <span class='ocrx_word' id='word_1_259' title='bbox 362 2100 553 2136; x_wconf 84' lang='lat' dir='ltr'><strong>contionem</strong></span> <span class='ocrx_word' id='word_1_260' title='bbox 586 2101 629 2137; x_wconf 84' lang='lat' dir='ltr'><em>ad</em></span> <span class='ocrx_word' id='word_1_261' title='bbox 654 2101 809 2135; x_wconf 79' lang='lat' dir='ltr'><strong>Boeotos</strong></span> <span class='ocrx_word' id='word_1_262' title='bbox 835 2100 962 2145; x_wconf 84' lang='lat' dir='ltr'><strong>habet,</strong></span> <span class='ocrx_word' id='word_1_263' title='bbox 994 2111 1080 2146; x_wconf 84' lang='lat' dir='ltr'><strong>prae</strong></span> <span class='ocrx_word' id='word_1_264' title='bbox 1113 2101 1211 2136; x_wconf 87' lang='lat' dir='ltr'><strong>senio</strong></span> <span class='ocrx_word' id='word_1_265' title='bbox 1236 2102 1373 2137; x_wconf 85' lang='lat' dir='ltr'><strong>efflavit</strong></span> <span class='ocrx_word' id='word_1_266' title='bbox 1396 2102 1554 2137; x_wconf 82' lang='lat' dir='ltr'><em>animam.</em></span> 
     </span>
     <span class='ocr_line' id='line_1_29' title="bbox 80 2146 1556 2202; baseline -0.002 -18"><span class='ocrx_word' id='word_1_267' title='bbox 80 2153 118 2184; x_wconf 76' lang='lat' dir='ltr'><em>at</em></span> <span class='ocrx_word' id='word_1_268' title='bbox 141 2148 330 2184; x_wconf 74' lang='lat' dir='ltr'><strong>Flaminius</strong></span> <span class='ocrx_word' id='word_1_269' title='bbox 361 2148 397 2182; x_wconf 88' lang='lat' dir='ltr'><strong>iu</strong></span> <span class='ocrx_word' id='word_1_270' title='bbox 420 2146 639 2182; x_wconf 75' lang='lat' dir='ltr'>Thessaliam</span> <span class='ocrx_word' id='word_1_271' title='bbox 661 2147 841 2202; x_wconf 75' lang='lat' dir='ltr'><strong>profectus</strong></span> <span class='ocrx_word' id='word_1_272' title='bbox 865 2147 1019 2192; x_wconf 83' lang='lat' dir='ltr'><strong>equestri</strong></span> <span class='ocrx_word' id='word_1_273' title='bbox 1053 2148 1185 2192; x_wconf 88' lang='lat' dir='ltr'><strong>praelio</strong></span> <span class='ocrx_word' id='word_1_274' title='bbox 1211 2159 1286 2183; x_wconf 87' lang='lat' dir='ltr'><strong>eum</strong></span> <span class='ocrx_word' id='word_1_275' title='bbox 1308 2148 1469 2194; x_wconf 88' lang='lat' dir='ltr'><strong>Philippo</strong></span> <span class='ocrx_word' id='word_1_276' title='bbox 1495 2148 1556 2182; x_wconf 86' lang='lat' dir='ltr'><strong>de-</strong></span> 
     </span>
     <span class='ocr_line' id='line_1_30' title="bbox 15 2192 1556 2240; baseline -0.002 -10"><span class='ocrx_word' id='word_1_277' title='bbox 15 2223 17 2226; x_wconf 44' lang='lat'>&lt;</span> <span class='ocrx_word' id='word_1_278' title='bbox 80 2195 250 2230; x_wconf 78' lang='lat' dir='ltr'><strong>certavit·</strong></span> <span class='ocrx_word' id='word_1_279' title='bbox 282 2205 396 2240; x_wconf 86' lang='lat' dir='ltr'><strong>neque</strong></span> <span class='ocrx_word' id='word_1_280' title='bbox 429 2194 518 2228; x_wconf 88' lang='lat' dir='ltr'><strong>enim</strong></span> <span class='ocrx_word' id='word_1_281' title='bbox 542 2193 637 2228; x_wconf 89' lang='lat' dir='ltr'><strong>locus</strong></span> <span class='ocrx_word' id='word_1_282' title='bbox 661 2192 782 2228; x_wconf 88' lang='lat' dir='ltr'><strong>maiori</strong></span> <span class='ocrx_word' id='word_1_283' title='bbox 807 2204 945 2238; x_wconf 82' lang='lat' dir='ltr'><strong>pugnae</strong></span> <span class='ocrx_word' id='word_1_284' title='bbox 970 2193 1041 2227; x_wconf 83' lang='lat' dir='ltr'><strong>suit</strong></span> <span class='ocrx_word' id='word_1_285' title='bbox 1058 2194 1217 2228; x_wconf 88' lang='lat' dir='ltr'><strong>idoneus.</strong></span> <span class='ocrx_word' id='word_1_286' title='bbox 1263 2205 1372 2240; x_wconf 83' lang='lat' dir='ltr'><strong>quare</strong></span> <span class='ocrx_word' id='word_1_287' title='bbox 1395 2195 1494 2228; x_wconf 90' lang='lat' dir='ltr'><em>ambo</em></span> <span class='ocrx_word' id='word_1_288' title='bbox 1519 2194 1556 2228; x_wconf 86' lang='lat' dir='ltr'><strong>in</strong></span> 
     </span>
     <span class='ocr_line' id='line_1_31' title="bbox 81 2239 1558 2296; baseline -0.002 -19"><span class='ocrx_word' id='word_1_289' title='bbox 81 2241 248 2277; x_wconf 82' lang='lat' dir='ltr'><strong>tumulum</strong></span> <span class='ocrx_word' id='word_1_290' title='bbox 272 2241 462 2286; x_wconf 85' lang='lat' dir='ltr'><strong>quendam,</strong></span> <span class='ocrx_word' id='word_1_291' title='bbox 498 2239 595 2274; x_wconf 84' lang='lat' dir='ltr'><strong>cuius</strong></span> <span class='ocrx_word' id='word_1_292' title='bbox 619 2251 781 2274; x_wconf 84' lang='lat' dir='ltr'><strong>cacumen</strong></span> <span class='ocrx_word' id='word_1_293' title='bbox 805 2239 1071 2285; x_wconf 81' lang='lat' dir='ltr'><strong>Cynoscephale</strong></span> <span class='ocrx_word' id='word_1_294' title='bbox 1095 2252 1115 2274; x_wconf 90' lang='lat' dir='ltr'><strong>a</strong></span> <span class='ocrx_word' id='word_1_295' title='bbox 1139 2239 1254 2275; x_wconf 85' lang='lat' dir='ltr'><strong>canini</strong></span> <span class='ocrx_word' id='word_1_296' title='bbox 1275 2241 1406 2296; x_wconf 87' lang='lat' dir='ltr'><strong>capitis</strong></span> <span class='ocrx_word' id='word_1_297' title='bbox 1440 2241 1558 2275; x_wconf 83' lang='lat' dir='ltr'><strong>simili-</strong></span> 
     </span>
     <span class='ocr_line' id='line_1_32' title="bbox 27 2286 1558 2332; baseline -0.001 -10"><span class='ocrx_word' id='word_1_298' title='bbox 27 2299 29 2301; x_wconf 76' lang='grc'><strong>’</strong></span> <span class='ocrx_word' id='word_1_299' title='bbox 81 2287 202 2323; x_wconf 81' lang='lat' dir='ltr'><strong>tudine</strong></span> <span class='ocrx_word' id='word_1_300' title='bbox 232 2287 383 2330; x_wconf 82' lang='lat' dir='ltr'><strong>dieitur,</strong></span> <span class='ocrx_word' id='word_1_301' title='bbox 418 2290 664 2330; x_wconf 87' lang='lat' dir='ltr'><strong>secesserunt,</strong></span> <span class='ocrx_word' id='word_1_302' title='bbox 696 2286 906 2330; x_wconf 87' lang='lat' dir='ltr'><strong>diverseque</strong></span> <span class='ocrx_word' id='word_1_303' title='bbox 942 2286 1067 2320; x_wconf 75' lang='lat' dir='ltr'><strong>castris</strong></span> <span class='ocrx_word' id='word_1_304' title='bbox 1096 2287 1244 2332; x_wconf 84' lang='lat' dir='ltr'><strong>positis,</strong></span> <span class='ocrx_word' id='word_1_305' title='bbox 1274 2287 1367 2322; x_wconf 87' lang='lat' dir='ltr'><strong>inter</strong></span> <span class='ocrx_word' id='word_1_306' title='bbox 1399 2299 1437 2321; x_wconf 84' lang='lat' dir='ltr'><strong>se</strong></span> <span class='ocrx_word' id='word_1_307' title='bbox 1471 2287 1558 2321; x_wconf 82' lang='lat' dir='ltr'><strong>totis</strong></span> 
     </span>
     <span class='ocr_line' id='line_1_33' title="bbox 82 2332 1560 2387; baseline -0.001 -19"><span class='ocrx_word' id='word_1_308' title='bbox 82 2333 294 2369; x_wconf 76' lang='lat' dir='ltr'><strong>exercitibus</strong></span> <span class='ocrx_word' id='word_1_309' title='bbox 325 2333 503 2387; x_wconf 80' lang='lat' dir='ltr'><strong>congressi</strong></span> <span class='ocrx_word' id='word_1_310' title='bbox 533 2343 643 2378; x_wconf 86' lang='lat' dir='ltr'><strong>aequo</strong></span> <span class='ocrx_word' id='word_1_311' title='bbox 668 2332 784 2367; x_wconf 87' lang='lat' dir='ltr'><strong>Marte</strong></span> <span class='ocrx_word' id='word_1_312' title='bbox 808 2332 1072 2376; x_wconf 84' lang='lat' dir='ltr'><strong>discessissent,</strong></span> <span class='ocrx_word' id='word_1_313' title='bbox 1107 2333 1175 2367; x_wconf 88' lang='lat' dir='ltr'><strong>nisi</strong></span> <span class='ocrx_word' id='word_1_314' title='bbox 1197 2334 1399 2368; x_wconf 86' lang='lat' dir='ltr'><strong>Aetolorum</strong></span> <span class='ocrx_word' id='word_1_315' title='bbox 1431 2333 1560 2367; x_wconf 88' lang='lat' dir='ltr'><strong>auxilia.</strong></span> 
     </span>
     <span class='ocr_line' id='line_1_34' title="bbox 83 2377 1560 2434; baseline -0.002 -19"><span class='ocrx_word' id='word_1_316' title='bbox 83 2379 264 2415; x_wconf 80' lang='lat' dir='ltr'><strong>victoriam</strong></span> <span class='ocrx_word' id='word_1_317' title='bbox 299 2377 467 2413; x_wconf 81' lang='lat' dir='ltr'><strong>Romanis</strong></span> <span class='ocrx_word' id='word_1_318' title='bbox 501 2379 732 2434; x_wconf 82' lang='lat' dir='ltr'><strong>peperissent.</strong></span> <span class='ocrx_word' id='word_1_319' title='bbox 786 2377 967 2433; x_wconf 82' lang='lat' dir='ltr'><strong>Philippus</strong></span> <span class='ocrx_word' id='word_1_320' title='bbox 1000 2378 1117 2413; x_wconf 84' lang='lat' dir='ltr'><strong>victas</strong></span> <span class='ocrx_word' id='word_1_321' title='bbox 1159 2384 1196 2414; x_wconf 78' lang='lat' dir='ltr'><strong>et</strong></span> <span class='ocrx_word' id='word_1_322' title='bbox 1233 2380 1443 2425; x_wconf 85' lang='lat' dir='ltr'><strong>profligatus</strong></span> <span class='ocrx_word' id='word_1_323' title='bbox 1484 2390 1560 2412; x_wconf 88' lang='lat' dir='ltr'><em>cum</em></span> 
     </span>
     <span class='ocr_line' id='line_1_35' title="bbox 82 2424 1564 2471; baseline -0.001 -11"><span class='ocrx_word' id='word_1_324' title='bbox 82 2425 261 2461; x_wconf 79' lang='lat' dir='ltr'><strong>Larissam</strong></span> <span class='ocrx_word' id='word_1_325' title='bbox 285 2430 323 2460; x_wconf 81' lang='lat' dir='ltr'><strong>et</strong></span> <span class='ocrx_word' id='word_1_326' title='bbox 347 2425 631 2460; x_wconf 84' lang='lat' dir='ltr'><strong>circumiacentes</strong></span> <span class='ocrx_word' id='word_1_327' title='bbox 654 2425 817 2459; x_wconf 83' lang='lat' dir='ltr'><strong>civitates</strong></span> <span class='ocrx_word' id='word_1_328' title='bbox 842 2424 877 2458; x_wconf 89' lang='lat' dir='ltr'><strong>in</strong></span> <span class='ocrx_word' id='word_1_329' title='bbox 902 2424 1047 2459; x_wconf 85' lang='lat' dir='ltr'><strong>victoris</strong></span> <span class='ocrx_word' id='word_1_330' title='bbox 1069 2430 1189 2471; x_wconf 85' lang='lat' dir='ltr'><strong>partes</strong></span> <span class='ocrx_word' id='word_1_331' title='bbox 1215 2427 1430 2460; x_wconf 87' lang='lat' dir='ltr'><strong>concessisse</strong></span> <span class='ocrx_word' id='word_1_332' title='bbox 1445 2425 1564 2459; x_wconf 86' lang='lat' dir='ltr'><strong>audis-</strong></span> 
     </span>
     <span class='ocr_line' id='line_1_36' title="bbox 83 2470 1562 2527; baseline -0.001 -20"><span class='ocrx_word' id='word_1_333' title='bbox 83 2477 159 2515; x_wconf 73' lang='lat' dir='ltr'><strong>set,</strong></span> <span class='ocrx_word' id='word_1_334' title='bbox 192 2470 481 2506; x_wconf 79' lang='lat' dir='ltr'><strong>caduceatoribus</strong></span> <span class='ocrx_word' id='word_1_335' title='bbox 512 2471 626 2506; x_wconf 80' lang='lat' dir='ltr'><strong>missis</strong></span> <span class='ocrx_word' id='word_1_336' title='bbox 658 2471 899 2527; x_wconf 80' lang='lat' dir='ltr'><strong>pecuniaque,</strong></span> <span class='ocrx_word' id='word_1_337' title='bbox 940 2476 976 2505; x_wconf 87' lang='lat' dir='ltr'><strong>et</strong></span> <span class='ocrx_word' id='word_1_338' title='bbox 1009 2476 1150 2517; x_wconf 83' lang='lat' dir='ltr'><strong>praeter</strong></span> <span class='ocrx_word' id='word_1_339' title='bbox 1176 2472 1261 2507; x_wconf 89' lang='lat' dir='ltr'><strong>alios</strong></span> <span class='ocrx_word' id='word_1_340' title='bbox 1285 2472 1358 2506; x_wconf 80' lang='lat' dir='ltr'><strong>filio</strong></span> <span class='ocrx_word' id='word_1_341' title='bbox 1381 2471 1562 2506; x_wconf 81' lang='lat' dir='ltr'><strong>Demetrio</strong></span> 
     </span>
     <span class='ocr_line' id='line_1_37' title="bbox 85 2497 1563 2599; baseline -0.001 -47"><span class='ocrx_word' id='word_1_342' title='bbox 85 2497 210 2599; x_wconf 49' lang='lat' dir='ltr'><strong>obside</strong></span> <span class='ocrx_word' id='word_1_343' title='bbox 233 2518 327 2562; x_wconf 78' lang='lat' dir='ltr'><strong>dato,</strong></span> <span class='ocrx_word' id='word_1_344' title='bbox 350 2517 507 2552; x_wconf 77' lang='lat' dir='ltr'><strong>inducias</strong></span> <span class='ocrx_word' id='word_1_345' title='bbox 529 2529 551 2552; x_wconf 83' lang='lat' dir='ltr'><strong>a</strong></span> <span class='ocrx_word' id='word_1_346' title='bbox 575 2517 748 2552; x_wconf 76' lang='lat' dir='ltr'><strong>Flaminio</strong></span> <span class='ocrx_word' id='word_1_347' title='bbox 772 2517 976 2564; x_wconf 83' lang='lat' dir='ltr'><strong>impetravit</strong></span> <span class='ocrx_word' id='word_1_348' title='bbox 998 2523 1035 2552; x_wconf 87' lang='lat' dir='ltr'><strong>et</strong></span> <span class='ocrx_word' id='word_1_349' title='bbox 1058 2518 1194 2564; x_wconf 83' lang='lat' dir='ltr'><strong>legatos</strong></span> <span class='ocrx_word' id='word_1_350' title='bbox 1220 2518 1363 2553; x_wconf 82' lang='lat' dir='ltr'><strong>Romam</strong></span> <span class='ocrx_word' id='word_1_351' title='bbox 1386 2530 1451 2564; x_wconf 89' lang='lat' dir='ltr'><em>pro</em></span> <span class='ocrx_word' id='word_1_352' title='bbox 1476 2529 1563 2563; x_wconf 87' lang='lat' dir='ltr'><strong>pace</strong></span> 
     </span>
     <span class='ocr_line' id='line_1_38' title="bbox 85 2569 180 2599; baseline 0 0"><span class='ocrx_word' id='word_1_353' title='bbox 85 2575 148 2599; x_wconf 75' lang='lat' dir='ltr'><em>mia</em></span> <span class='ocrx_word' id='word_1_354' title='bbox 163 2569 180 2599; x_wconf 82' lang='lat' dir='ltr'><strong>t</strong></span> 
     </span>
     <span class='ocr_line' id='line_1_39' title="bbox 221 2609 1563 2655; baseline 0 -11"><span class='ocrx_word' id='word_1_355' title='bbox 221 2610 312 2645; x_wconf 86' lang='lat' dir='ltr'><em>Dum</em></span> <span class='ocrx_word' id='word_1_356' title='bbox 336 2610 422 2644; x_wconf 84' lang='lat' dir='ltr'><strong>haec</strong></span> <span class='ocrx_word' id='word_1_357' title='bbox 447 2613 641 2655; x_wconf 82' lang='lat' dir='ltr'><strong>geruntur,</strong></span> <span class='ocrx_word' id='word_1_358' title='bbox 673 2610 778 2644; x_wconf 82' lang='lat' dir='ltr'><strong>etiam</strong></span> <span class='ocrx_word' id='word_1_359' title='bbox 800 2610 1064 2644; x_wconf 80' lang='lat' dir='ltr'><strong>Androsthenes</strong></span> <span class='ocrx_word' id='word_1_360' title='bbox 1096 2612 1140 2646; x_wconf 83' lang='lat' dir='ltr'><em>ab</em></span> <span class='ocrx_word' id='word_1_361' title='bbox 1173 2610 1322 2645; x_wconf 78' lang='lat' dir='ltr'><strong>Achaeis</strong></span> <span class='ocrx_word' id='word_1_362' title='bbox 1353 2610 1467 2645; x_wconf 86' lang='lat' dir='ltr'><strong>victus</strong></span> <span class='ocrx_word' id='word_1_363' title='bbox 1490 2609 1563 2645; x_wconf 90' lang='lat' dir='ltr'><em>Co-</em></span> 
     </span>
     <span class='ocr_line' id='line_1_40' title="bbox 83 2655 1564 2703; baseline 0 -12"><span class='ocrx_word' id='word_1_364' title='bbox 83 2656 236 2691; x_wconf 76' lang='lat' dir='ltr'><strong>rinthum</strong></span> <span class='ocrx_word' id='word_1_365' title='bbox 268 2656 393 2693; x_wconf 78' lang='lat' dir='ltr'><strong>amisit.</strong></span> <span class='ocrx_word' id='word_1_366' title='bbox 440 2655 571 2691; x_wconf 80' lang='lat' dir='ltr'><strong>Lucius</strong></span> <span class='ocrx_word' id='word_1_367' title='bbox 606 2656 795 2691; x_wconf 73' lang='lat' dir='ltr'><strong>Fiaminius</strong></span> <span class='ocrx_word' id='word_1_368' title='bbox 830 2656 952 2691; x_wconf 82' lang='lat' dir='ltr'><strong>classis</strong></span> <span class='ocrx_word' id='word_1_369' title='bbox 983 2658 1184 2703; x_wconf 83' lang='lat' dir='ltr'><strong>praefectus</strong></span> <span class='ocrx_word' id='word_1_370' title='bbox 1215 2669 1291 2691; x_wconf 84' lang='lat' dir='ltr'><strong>curn</strong></span> <span class='ocrx_word' id='word_1_371' title='bbox 1318 2657 1518 2691; x_wconf 86' lang='lat' dir='ltr'><strong>Acarnanes</strong></span> <span class='ocrx_word' id='word_1_372' title='bbox 1543 2669 1564 2691; x_wconf 88' lang='lat' dir='ltr'><strong>a</strong></span> 
     </span>
     <span class='ocr_line' id='line_1_41' title="bbox 32 2701 1565 2757; baseline 0 -20"><span class='ocrx_word' id='word_1_373' title='bbox 32 2727 34 2729; x_wconf 65' lang='grc'><em>»</em></span> <span class='ocrx_word' id='word_1_374' title='bbox 84 2701 238 2749; x_wconf 75' lang='lat' dir='ltr'><strong>Philippi</strong></span> <span class='ocrx_word' id='word_1_375' title='bbox 276 2702 448 2738; x_wconf 72' lang='lat' dir='ltr'><strong>societate</strong></span> <span class='ocrx_word' id='word_1_376' title='bbox 482 2701 685 2737; x_wconf 75' lang='lat' dir='ltr'><strong>abstrahere</strong></span> <span class='ocrx_word' id='word_1_377' title='bbox 718 2714 787 2737; x_wconf 91' lang='lat' dir='ltr'><em>non</em></span> <span class='ocrx_word' id='word_1_378' title='bbox 819 2707 961 2757; x_wconf 74' lang='lat' dir='ltr'><strong>posset,</strong></span> <span class='ocrx_word' id='word_1_379' title='bbox 1004 2702 1200 2738; x_wconf 89' lang='lat' dir='ltr'><strong>Leucadem</strong></span> <span class='ocrx_word' id='word_1_380' title='bbox 1235 2703 1414 2738; x_wconf 85' lang='lat' dir='ltr'><strong>obsidione</strong></span> <span class='ocrx_word' id='word_1_381' title='bbox 1449 2702 1565 2749; x_wconf 80' lang='lat' dir='ltr'><strong>cepit3</strong></span> 
     </span>
     <span class='ocr_line' id='line_1_42' title="bbox 86 2748 1188 2795; baseline 0.001 -13"><span class='ocrx_word' id='word_1_382' title='bbox 86 2759 230 2794; x_wconf 80' lang='lat' dir='ltr'><strong>eosque,</strong></span> <span class='ocrx_word' id='word_1_383' title='bbox 255 2748 315 2783; x_wconf 87' lang='lat' dir='ltr'><strong>ubi</strong></span> <span class='ocrx_word' id='word_1_384' title='bbox 340 2748 491 2795; x_wconf 83' lang='lat' dir='ltr'><strong>Philippi</strong></span> <span class='ocrx_word' id='word_1_385' title='bbox 514 2748 645 2784; x_wconf 63' lang='lat' dir='ltr'><strong>eisdem</strong></span> <span class='ocrx_word' id='word_1_386' title='bbox 670 2749 849 2792; x_wconf 84' lang='lat' dir='ltr'><strong>audivere,</strong></span> <span class='ocrx_word' id='word_1_387' title='bbox 874 2748 1012 2784; x_wconf 79' lang='lat' dir='ltr'><strong>facilius</strong></span> <span class='ocrx_word' id='word_1_388' title='bbox 1035 2750 1188 2795; x_wconf 73' lang='lat' dir='ltr'><strong>subegit.</strong></span> 
     </span>
     <span class='ocr_line' id='line_1_43' title="bbox 224 2793 1567 2841; baseline -0.001 -11"><span class='ocrx_word' id='word_1_389' title='bbox 224 2794 284 2830; x_wconf 78' lang='lat' dir='ltr'><em>Sic</em></span> <span class='ocrx_word' id='word_1_390' title='bbox 306 2793 567 2830; x_wconf 81' lang='lat' dir='ltr'><strong>Macedonicum</strong></span> <span class='ocrx_word' id='word_1_391' title='bbox 591 2795 717 2830; x_wconf 82' lang='lat' dir='ltr'><strong>bellum</strong></span> <span class='ocrx_word' id='word_1_392' title='bbox 741 2801 797 2830; x_wconf 87' lang='lat' dir='ltr'><strong>est</strong></span> <span class='ocrx_word' id='word_1_393' title='bbox 815 2796 983 2838; x_wconf 81' lang='lat' dir='ltr'><em>solutum,</em></span> <span class='ocrx_word' id='word_1_394' title='bbox 1008 2801 1044 2830; x_wconf 80' lang='lat' dir='ltr'><strong>et</strong></span> <span class='ocrx_word' id='word_1_395' title='bbox 1066 2796 1214 2830; x_wconf 84' lang='lat' dir='ltr'><strong>Romani</strong></span> <span class='ocrx_word' id='word_1_396' title='bbox 1238 2807 1354 2841; x_wconf 84' lang='lat' dir='ltr'><strong>pacem</strong></span> <span class='ocrx_word' id='word_1_397' title='bbox 1381 2807 1456 2830; x_wconf 88' lang='lat' dir='ltr'><em>cum</em></span> <span class='ocrx_word' id='word_1_398' title='bbox 1482 2795 1567 2829; x_wconf 86' lang='lat' dir='ltr'><strong>Phi-</strong></span> 
     </span>
     <span class='ocr_line' id='line_1_44' title="bbox 87 2839 1568 2890; baseline 0.002 -17"><span class='ocrx_word' id='word_1_399' title='bbox 87 2839 183 2886; x_wconf 82' lang='lat' dir='ltr'><strong>lippo</strong></span> <span class='ocrx_word' id='word_1_400' title='bbox 207 2839 343 2876; x_wconf 83' lang='lat' dir='ltr'><strong>minime</strong></span> <span class='ocrx_word' id='word_1_401' title='bbox 369 2841 540 2888; x_wconf 77' lang='lat' dir='ltr'><strong>gravatim</strong></span> <span class='ocrx_word' id='word_1_402' title='bbox 563 2841 734 2885; x_wconf 82' lang='lat' dir='ltr'><strong>fecerunt,</strong></span> <span class='ocrx_word' id='word_1_403' title='bbox 759 2842 812 2876; x_wconf 88' lang='lat' dir='ltr'><strong>his</strong></span> <span class='ocrx_word' id='word_1_404' title='bbox 838 2841 1117 2878; x_wconf 85' lang='lat' dir='ltr'><strong>condicionibus:</strong></span> <span class='ocrx_word' id='word_1_405' title='bbox 1143 2848 1182 2878; x_wconf 83' lang='lat' dir='ltr'><em>ut.</em></span> <span class='ocrx_word' id='word_1_406' title='bbox 1205 2842 1365 2890; x_wconf 81' lang='lat' dir='ltr'><strong>captivos</strong></span> <span class='ocrx_word' id='word_1_407' title='bbox 1389 2847 1426 2876; x_wconf 84' lang='lat' dir='ltr'><strong>et</strong></span> <span class='ocrx_word' id='word_1_408' title='bbox 1450 2847 1568 2877; x_wconf 85' lang='lat' dir='ltr'><strong>trans-</strong></span> 
     </span>
    </p>
   </div>
  </div>
 </body>
</html>
