1820 3120
265 82 363 128 168
739 79 967 137 lomus
996 80 1254 128 ZONARAE

286 247 289 249 Β
394 194 653 248 Κινηθέντων
679 193 723 236 δ’
751 188 873 244 αὖθις
895 197 974 236 τῶν
996 193 1319 249 Σαρδονίωνέπῗ
1347 194 1494 246 αὐτοὺς
1515 196 1554 240 οἶ
1570 193 1721 240 ’ὕπατοι

258 263 384 318 ἄμφω
419 260 685 318 ἐστράτευσαν
707 261 884 318 Μάρκος
913 280 955 304 τε
979 261 1199 311 Μαλέολος
1229 263 1296 303 καὶ
1318 260 1495 319 Μάρκος
1515 265 1719 320 Αἷμίλιος.

258 332 324 372 καὶ
349 330 479 371 πολλὰ
500 330 573 384 μὲν
595 328 760 388 λάφυρα
779 330 937 383 ἔλαβον,
972 330 1082 384 παρὰ
1103 330 1145 372 δὲ
1162 333 1242 371 τῶν
1261 331 1460 385 Κυρνίων,
1495 331 1718 389 προσσχόν-

258 414 322 452 τες
344 397 492 448 αὐτοῖς,
528 397 631 440 αὐτὰ
655 398 938 456 ἀφῃρέθησαν.
1009 397 1072 440 διὸ
1096 397 1198 452 μετὰ
1223 402 1349 440 ταῦτα
1373 398 1441 439 ἐπ’
1466 398 1721 457 ἀμφοτέρους

257 465 296 507 οἷ
321 463 511 519 Ῥωμαῖοι
543 464 774 523 ἐτράποντο.
843 468 910 508 καὶ
934 463 1112 521 Μάρκος
1140 466 1213 518 μὲν
1243 464 1491 519 Πομπώνιος
1512 466 1753 525 Σαρδόναςῦ
1783 521 1785 523 ¹
1818 479 1820 526 Ι

205 544 237 577 D
261 532 401 590 ἔφερε,
445 535 512 575 καὶ
542 534 693 588 μαθὼν
725 535 818 584 τοὺς
852 535 1036 588 πλείονας
1068 533 1201 576 αὐτῶν
1233 534 1274 584 ἐς
1297 532 1474 588 σπήλαια
1494 524 1723 590 &Man-:Kal
1819 527 1820 549 ¹

259 600 521 656 δυσεξεύρετοι
544 600 816 653 καταδύντας,
851 601 909 656 μὴ
935 600 1155 656 δυνάμενός
1177 619 1219 644 τε
1245 601 1392 652 αὐτοὺς
1414 599 1569 659 εὑρεῖν,
1599 596 1729 658 κήνας,

233 670 300 729 ζέκ
324 674 397 724 τῆς
414 670 586 720 Ἰταλίας
607 670 891 724 μετεπέμψατο
916 668 1074 724 εὕρινας
1086 701 1099 720 ,
1134 671 1201 710 καὶ
1227 669 1284 711 δι’
1311 671 1467 713 ἐκείνων
1489 670 1563 726 τὴν
1585 673 1722 726 στίβον

255 738 329 779 καὶ
345 742 426 780 τῶν
449 736 678 794 ἀνθρώπων
700 740 766 780 καὶ
790 742 867 780 τῶν
889 735 1159 791 βοσκημάτων
1184 735 1312 794 εὗρών
1334 738 1463 781 πολλὰ
1485 739 1721 794 ἀπετέμετο·

255 803 381 856 Γάϊος
413 806 457 848 δὲ
486 807 711 862 Παπείριος
742 807 786 848 ἐκ
815 806 888 859 μὲν
919 810 998 848 τῶν
1021 807 1166 848 πεδίων
1189 806 1284 856 τοὺς
1307 808 1506 863 Κυρνίους
1527 806 1721 862 ἀπήλασε,
1733 815 1779 850 10

254 872 491 927 βιαζόμενος
516 874 559 915 δὲ
581 874 683 930 πρὸς
704 873 756 916 τὰ
778 873 852 929 ὄρη
877 874 1048 927 συχνοὺς
1070 875 1112 924 ἐξ
1135 875 1298 930 ἐνέδρας
1321 874 1520 930 ἀπέβαλε,
1565 877 1724 926 πλείους

255 958 297 982 τε
331 940 381 983 ἂν
413 940 565 990 ὕδατος
596 941 745 999 ἀπορίᾳ
769 939 993 993 ἀπώλεσεν,
1031 944 1064 982 εἰ
1087 940 1145 996 μή
1173 959 1250 983 που
1273 941 1384 999 ὕδωρ
1409 943 1491 998 ὀψέ
1513 960 1608 987 ποτε
1632 945 1723 987 ἄνε-

255 1006 378 1064 φάνη,
409 1011 475 1050 καὶ
500 1009 626 1052 ἔπεισε
649 1010 744 1059 τοὺς
766 1011 967 1066 Κυρνίους
991 1007 1252 1065 ὁμολογῆσαι.
1560 1022 1564 1025 ’

395 1077 461 1119 19.
529 1077 652 1120 Κατὰ
682 1082 823 1120 τοῦτον
844 1077 914 1120 τὸν
933 1075 1081 1134 χρόνον
1103 1079 1170 1119 καὶ
1187 1078 1378 1132 Ἀμίλκας
1401 1075 1422 1121 ὅ
1445 1081 1524 1121 τῶν
1549 1078 1723 1135 Καρχη-

256 1145 400 1187 δονίων
423 1145 645 1201 στρατηγὸς
667 1146 768 1202 πρὸς
787 1145 955 1201 Ἰβήρων
978 1147 1155 1200 νικηθεὶς
1173 1145 1330 1188 ἔθανεν.
1397 1146 1722 1203 ἄντιπαραταξα-
1733 1154 1778 1191 15

87 1218 116 1252 P
132 1218 150 1252 I
165 1218 233 1254 402
254 1214 376 1267 με’νου
399 1213 477 1268 γὰρ
502 1215 638 1271 σφίσιν
661 1212 821 1267 ἁμάξας
844 1213 979 1273 δᾴδων
996 1216 1062 1256 καὶ
1081 1215 1226 1269 πίσσης
1240 1213 1391 1268 μεστὰς
1409 1215 1486 1272 πρὸ
1507 1219 1579 1257 τοῦ
1597 1231 1724 1272 στρα-

252 1286 327 1324 τοῦ
348 1285 428 1324 τῶν
453 1283 743 1338 Καρχηδονίων
766 1281 1018 1338 προήγαγον,
1055 1283 1121 1323 καὶ
1148 1282 1438 1337 πλησιάσαντες
1460 1283 1624 1338 ἀνῆψαν
1649 1283 1724 1326 αὗ-

253 1348 348 1401 wig,
392 1351 458 1391 καὶ
495 1350 544 1392 τὰ
579 1350 742 1393 ἕλκοντα
778 1349 903 1400 αὐτὰς
931 1347 1124 1405 ὑποζύγια
1157 1351 1457 1407 ἐπισπέρχοντες
1493 1351 1723 1408 οἷ’στρησαν.

253 1418 331 1460 κάκ
355 1416 499 1460 τούτου
531 1418 889 1473 συνταραχθέντων
919 1422 998 1460 τῶν
1021 1418 1206 1460 ἐναντίων
1231 1419 1567 1463 διασπασθέντων
1589 1436 1631 1462 τε
1655 1420 1724 1461 καὶ

253 1486 513 1543 τραπομένων
543 1484 726 1540 ἑπόμενοι
762 1487 942 1528 κάκεῖνον
974 1488 1040 1528 καὶ
1075 1485 1222 1537 ἄλλους
1254 1487 1464 1537 πλείστους
1486 1484 1778 1544 {primevam-20

253 1556 321 1596 καὶ
351 1552 372 1597 ὃ
402 1554 475 1608 μὲν
498 1555 560 1596 ἐπὶ
584 1558 768 1597 πλεῖστον
791 1552 975 1609 ἀνθήσας
999 1553 1126 1604 οὕτως
1149 1553 1396 1610 ἐτελεύτησε,
1430 1553 1722 1610 τελευτήσαντα

345 1684 367 1717 2
390 1678 675 1726 ἐστρατεύσαντο
699 1684 742 1719 Α.
924 1684 988 1727 τε]
1013 1678 1055 1717 δὲ
1078 1683 1168 1718 PW.
1344 1683 1367 1718 3
1389 1694 1484 1726 προσ
1507 1679 1610 1725 ὄντες
1632 1684 1723 1719 PW.

342 1729 367 1764 4
390 1725 454 1762 ἐπ’
479 1741 532 1763 om
557 1730 598 1763 C.
765 1725 990 1773 ἀμφοτέροις
1011 1729 1054 1763 A.
1220 1730 1242 1762 5
1266 1729 1459 1772 σαρὸὤνας
1511 1730 1609 1764 CW:
1630 1726 1726 1764 “mss

344 1786 461 1809 omnes
486 1771 712 1817 Σαρδόνας”
735 1776 970 1810 DncANGms.
1133 1775 1155 1811 7
1179 1774 1389 1810 καταδῦναι
1412 1775 1454 1812 Α.
1615 1774 1638 1810 9
1661 1774 1725 1809 καὶ

346 1820 445 1864 prius
470 1831 524 1854 om
545 1820 587 1854 A.
725 1823 769 1856 11
792 1817 968 1864 συχνοὺς]
993 1816 1154 1861 πολλοὺς
1175 1820 1218 1857 Β.
1357 1822 1402 1856 12
1425 1820 1489 1864 τε]
1513 1816 1555 1854 δ’
1578 1821 1606 1855 Β
1631 1832 1725 1856 corr.

388 1933 561 1966 Fomns.
613 1933 700 1977 Cap.
728 1932 784 1969 19.
835 1931 963 1965 Dionis
994 1931 1176 1966 Historiae
1209 1933 1393 1966 Romanae
1424 1932 1505 1965 libri
1528 1932 1724 1978 deperditi:

344 1989 419 2012 exc.
451 1978 663 2011 Vaticanum
687 1978 734 2014 64
763 1990 798 2023 p.
823 1977 892 2012 184
915 1983 1020 2021 extr„
1049 1977 1281 2012 Ursinianum
1306 1979 1372 2013 151
1386 2004 1396 2022 ‚
1425 1978 1655 2013 Valesianum
1679 1979 1724 2014 12

345 2035 363 2057 e
388 2024 546 2058 Tzetzae
569 2024 710 2058 scholiis
731 2025 770 2058 in
797 2023 1036 2068 Lycophronis
1058 2024 1304 2059 Alexandrum
1328 2035 1362 2058 υ.
1387 2023 1466 2059 603.

391 2137 524 2170 Contra
546 2136 678 2170 Sardos
703 2141 817 2171 autem
842 2137 955 2171 denuo
979 2137 1226 2171 tumultuantes
1249 2136 1347 2170 ambo
1374 2134 1532 2170 consules
1556 2134 1606 2171 M.
1636 2134 1726 2169 Mal-

251 2182 359 2216 leolus
384 2189 422 2216 et
448 2183 497 2217 M.
522 2181 687 2216 Aemilius
710 2183 807 2217 missi
834 2194 987 2228 magnam
1010 2183 1174 2228 praedam
1199 2182 1385 2228 ceperunt:
1409 2191 1500 2225 quae
1522 2180 1571 2214 eis
1596 2191 1618 2214 a
1638 2181 1727 2215 Cor-

252 2227 312 2271 sis,
338 2239 413 2262 cum
438 2239 479 2262 eo
504 2228 729 2272 appulissent,
755 2234 810 2263 est
834 2231 969 2273 erepta.
1017 2240 1085 2272 qua
1108 2228 1152 2262 de
1176 2238 1281 2262 causa
1298 2231 1380 2271 post
1395 2225 1540 2260 Romani
1555 2230 1726 2271 utrosque

250 2273 471 2308 invaserunt.
519 2274 570 2310 M.
595 2274 825 2319 Pomponius,
852 2275 912 2319 qui
936 2275 1066 2308 Sardos
1089 2274 1293 2316 infestabat,
1318 2283 1394 2306 cum
1418 2283 1536 2306 eorum
1559 2271 1725 2316 plurimos

250 2318 287 2352 in
311 2320 474 2354 saltuosis
502 2321 673 2365 specubus
699 2321 838 2354 abditos
863 2320 1028 2364 indagare
1052 2331 1120 2353 non
1144 2323 1274 2364 posset,
1298 2329 1444 2361 sagaces
1466 2329 1569 2351 canes
1595 2328 1639 2351 ex
1651 2317 1724 2352 Ita-

249 2364 298 2398 lia
330 2365 539 2406 arcessivit,
573 2377 635 2410 per
666 2377 794 2410 eosque
815 2366 1017 2400 tramitibus
1042 2365 1215 2399 hominum
1239 2370 1276 2397 ct
1299 2363 1464 2408 pecudum
1489 2362 1725 2408 investigatis,

250 2410 374 2445 multos
406 2411 486 2445 inde
521 2412 687 2445 extraxit.
735 2412 777 2446 C.
802 2423 888 2446 vero
914 2411 1074 2456 Papirius
1099 2410 1231 2444 Corsos
1263 2409 1408 2454 planitie
1442 2408 1560 2453 pulsos
1591 2419 1664 2443 cum
1689 2407 1723 2442 in

251 2463 385 2491 montes
409 2457 597 2501 adegisset,
621 2469 684 2502 per
706 2457 851 2491 insidias
875 2457 1001 2491 multos
1024 2457 1150 2497 amisit,
1175 2459 1211 2489 et
1231 2466 1316 2500 prae
1330 2454 1391 2489 siti
1408 2454 1525 2499 plures
1537 2453 1724 2497 amisisset,

252 2501 287 2535 ni
312 2515 391 2537 sero
417 2503 554 2537 tandem
581 2514 672 2547 aqua
695 2503 837 2536 inventa
861 2502 982 2537 Corsis
1006 2507 1046 2536 ut
1067 2501 1275 2536 deditionem
1297 2502 1457 2534 facerent
1478 2499 1724 2545 persuasisset.

238 2579 242 2583 .
389 2549 445 2584 19.
493 2548 566 2582 Sub
591 2549 655 2582 hoc
677 2554 814 2593 tempus
838 2549 1015 2582 Hamilcar
1037 2548 1108 2581 dux
1130 2545 1470 2591 Carthaginiensium
1493 2545 1538 2580 ab
1555 2544 1722 2590 Hispanis

250 2592 365 2629 victus
398 2595 571 2628 occubuit.
619 2606 696 2628 nam
721 2606 797 2628 cum
820 2595 930 2628 aciem
951 2597 1073 2628 contra
1096 2604 1156 2627 eos
1178 2592 1427 2634 instruxisset,
1450 2589 1500 2624 illi
1523 2601 1646 2624 currus
1669 2590 1724 2624 fa—

250 2638 348 2683 cibus
375 2646 410 2673 et
432 2641 511 2685 pice
536 2641 654 2685 plenos
681 2646 762 2673 ante
786 2640 904 2685 copias
929 2638 1266 2684 Carthaginiensium
1289 2637 1553 2683 produxerunt3
1578 2646 1722 2681 cumque

250 2696 362 2730 prope
386 2692 527 2720 ventum
552 2691 657 2729 esset,
682 2686 727 2719 iis
750 2686 901 2720 incensis
921 2686 1074 2720 iumenta
1096 2684 1244 2718 incitata
1266 2683 1302 2717 in
1318 2682 1448 2717 rabiem
1470 2685 1640 2726 egerunt3
1664 2692 1724 2715 ea—

252 2741 320 2775 que
352 2742 391 2765 re
415 2731 635 2766 adversarios
660 2732 840 2777 turbatos,
872 2732 1025 2767 divulsos
1058 2735 1096 2765 et
1118 2730 1155 2764 in
1179 2730 1294 2774 fugam
1316 2738 1438 2764 versos
1469 2726 1655 2774 assectati,
1687 2730 1723 2760 et
