1820 3120
264 107 365 156 576
739 106 968 159 IOANNIS
1002 106 1264 153 ZONARAE

262 226 321 280 τῷ
351 216 632 304 παρεστήσατο
664 219 892 275 ἀμοιβαδὸν
924 224 975 278 τῇ
1002 225 1145 304 γραφῇ
1159 221 1395 279 χρωμένους
1416 221 1521 269 κατὰ
1542 222 1737 279 τεταγμέ-

261 306 358 339 νους
382 288 549 346 καιροὺς
569 289 637 330 καὶ
658 286 982 346 βιβλιογράφους
1005 289 1077 344 οὐχ
1109 289 1256 345 η’ττους
1287 288 1412 347 κόρας
1441 307 1499 334 τε
1504 294 1737 349 καλλιγρα-

263 363 352 441 φεΐν
374 356 624 411 ἠσκημένας,
649 360 708 415 τῷ
730 361 805 399 τοῦ
826 358 1052 415 μαρτυρίου
1076 358 1231 414 λέγεται
1253 362 1520 414 κοσμηθηναι
1528 357 1736 455 πεφάνῳ,

262 424 350 480 ἅμα
372 423 659 482 Πρωτοκτήτῳ
682 426 955 483 πρεσβυτέρω.

398 491 680 549 Αὖταρχήσας
720 493 765 535 δ’
808 488 927 544 ουτος
968 511 990 535 ο
1027 493 1262 576 Μαξιμΐγος
1297 492 1423 544 εὐθὺς
1455 454 1668 539 ἐπέστειλε
1687 498 1771 553 τῇ5

264 560 496 621 συγκλήτῳ,
532 562 605 617 τὴν
636 563 680 604 ἐκ
712 565 793 604 τῶν
830 559 1145 619 στρατευμάτων
1181 559 1404 642 ἀνάρρησιν
1437 560 1566 620 ταύτῃ
1604 565 1740 647 δηλῶν

264 629 424 673 ἑαυτοῦ.
494 630 540 672 οὗ
575 628 716 685 μόνοις
751 631 794 672 δὲ
832 636 1081 687 χριστιανοΐς
1118 629 1252 686 βαρυς
1281 627 1436 686 ὑπῆρχε
1470 632 1550 678 και
1567 629 1740 687 ἀπηνής,

265 698 371 741 ἀλλὰ
396 700 464 741 καὶ
487 702 586 741 πᾶσι
610 705 693 749 τοῖς
715 696 921 754 ὑπηκόοις.
973 696 1170 755 ὑβριστής
1192 715 1233 740 τε
1257 699 1335 755 γὰρ
1360 693 1410 753 ἦν
1433 701 1500 741 καὶ
1523 698 1742 757 ἓρασιχρή-

77 780 106 815 Ρ
129 780 144 815 1
173 778 241 815 621
265 784 417 822 ματος,
447 767 669 810 κάντεῦθεν
693 768 760 809 καὶ
784 765 1034 817 ἀδικώτατος
1057 768 1124 808 καὶ
1150 764 1284 823 φόνων
1308 764 1479 823 ἐργάτης
1499 769 1568 810 καὶ
1590 767 1742 825 τύραν-

263 854 332 886 νος
363 835 572 892 ἄντικρυς,
601 834 797 892 χωρήσας
820 838 875 886 εἷς
898 833 1084 892 ἁρπαγὰς
1107 837 1174 877 καὶ
1197 835 1420 892 ἀναιρέσεις
1442 834 1677 893 ἀνθρώπων
1697 837 1740 888 ἐξ
1751 846 1797 882 lo

264 905 458 958 οὐδεμιᾶς
480 901 646 959 εὐλόγου
673 908 816 958 λαβῆς.
886 908 1078 950 τοσοῦτον
1113 904 1157 946 δ’
1189 905 1244 954 εἷς
1266 906 1503 960 μιαιφονίας
1524 902 1741 957 ἐξώκειλεν,

265 971 322 1023 ὥς
343 974 448 1028 μηδὲ
470 977 543 1028 τῆς
566 973 673 1023 ἰδίας
695 974 922 1030 φείσασθαι
944 969 1151 1029 γυναικός·
1181 972 1364 1027 κάκείνην
1379 970 1464 1030 Δγὰρ
1490 973 1635 1016 ἀνεῖλε.
1667 973 1742 1027 τὴν

267 1043 415 1085 οἰκείαν
451 1041 492 1083 δ’
533 1038 618 1083 οἷον
654 1041 934 1085 ἐπικαλύπτων
969 1040 1212 1096 δυσγένειαν,
1259 1040 1355 1091 τοὺς
1387 1041 1462 1098 μὲν
1498 1041 1743 1099 εὐπατρίδας

265 1111 435 1166 ἠτίμου,
471 1114 767 1168 προσῳκειοῦτο
793 1110 836 1152 δὲ
857 1110 953 1160 τοὺς
975 1110 1017 1159 ἐξ
1041 1109 1221 1166 ἀφανῶν.
1266 1109 1332 1151 διὰ
1356 1113 1484 1153 ταῦτα
1507 1110 1640 1153 τοίνυν
1660 1108 1741 1160 ὑπὸ

266 1178 428 1221 πάντων
457 1179 670 1234 μεμίσητο.
739 1177 1035 1235 ἐκστρατεύσας
1065 1179 1109 1219 δὲ
1139 1177 1244 1219 κατὰ
1269 1179 1489 1235 Γερμανῶν
1509 1178 1582 1232 τὴν
1598 1176 1742 1236 χώραν
1753 1189 1798 1224 15

267 1247 402 1290 αὐτῶν
433 1249 645 1301 ἓληΐσατο,
680 1251 761 1290 τῶν
790 1245 1016 1304 βαρβάρων
1047 1246 1221 1302 μηδενὸς
1250 1244 1590 1303 ὑποφαινομένου.
1653 1245 1744 1290 εἶτα

266 1317 356 1372 περὶ
389 1315 441 1358 τοὶ
473 1316 542 1370 ἕλη
577 1317 642 1357 καὶ
675 1315 750 1366 τὰς
785 1322 959 1370 συνεχεῖς
990 1313 1249 1371 ἀνεφάνησαν
1280 1314 1557 1365 mag-*noina
1585 1315 1637 1358 δὲ
1663 1320 1744 1359 τῶν

262 1383 471 1438 Ῥωμαίων
488 1432 490 1435 ,
510 1382 801 1427 εἶσελασάντων
835 1383 977 1439 πλήθη
1008 1383 1146 1425 ’πολλὰ
1183 1383 1456 1440 ἀνῃρέθησαν.
1525 1385 1594 1427 καὶ
1635 1383 1744 1428 οὕτω

215 1461 246 1496 Β
270 1451 437 1507 νικήσας
459 1453 685 1507 ἐπανῆλθεν
717 1450 738 1494 ὅ
762 1455 1018 1506 Μαξιμΐνος,
1053 1450 1321 1507 αἰχμαλώτων
1351 1452 1514 1507 πληθὺν
1530 1451 1745 1509 ’ἐπαγόμε-

267 1538 349 1571 νος.
418 1516 550 1563 πάντα
581 1522 626 1563 δὲ
655 1520 707 1563 τὰ
739 1525 819 1563 τῶν
850 1519 1038 1575 ὑπηκόων
1061 1519 1389 1578 σφετεριζόμενος
1409 1522 1475 1562 καὶ
1492 1519 1799 1578 χρηματιζό-Ξο

268 1606 390 1645 μενος
415 1587 618 1632 πάντοθεν
642 1590 737 1632 οὐδὲ
760 1594 840 1632 τῶν
863 1590 982 1646 ἱερῶν
1005 1590 1212 1643 ἀπέσχετο.
1279 1589 1525 1643 αἰτιωμένων
1544 1584 1617 1637 οὖν
1638 1594 1743 1644 ξυμ-

268 1656 430 1701 πάντων
452 1658 547 1708 τοὺς
570 1656 820 1715 στρατιώτας
844 1658 939 1708 τοὺς
962 1658 1085 1700 αὐτὸν
1106 1655 1445 1712 βασιλεύσαντας,
1471 1657 1510 1700 οἳ
1533 1658 1574 1701 ἐν
1597 1657 1744 1715 Λιβύῃ

361 1810 385 1844 4
407 1805 672 1854 πρωτεκτήτωρ
695 1799 744 1844 Α.
866 1809 910 1844 12
935 1805 1046 1854 ἰδίας]
1074 1805 1215 1851 οἰκείας
1234 1796 1307 1846 ΑΒ.

269 1949 307 1982 et
328 1948 460 1992 septem
484 1944 667 1990 expeditis
680 1944 829 1979 notariis
854 1945 1018 1980 adhibitis
1049 1945 1111 1991 qui
1140 1956 1204 1992 per
1228 1946 1324 1981 vices
1347 1915 1553 1981 scriberent
1575 1958 1618 1982 ac
1638 1945 1744 1980 libra-

268 1993 331 2027 riis
364 2004 434 2027 non
466 1991 691 2036 paucioribus
721 1996 758 2025 et
790 1991 982 2036 virginibus
1014 1993 1197 2036 eleganter
1219 1992 1373 2027 scribere
1387 1992 1547 2046 edoctis,
1582 1991 1745 2037 martyrii

268 2050 399 2073 corona
422 2049 496 2071 cum
522 2038 729 2071 Protocteto
753 2038 962 2082 presbytero
986 2038 1168 2072 redimitus
1195 2049 1272 2072 esse
1295 2038 1512 2093 perhibetur.
1596 2043 1609 2073 ’,

407 2084 619 2118 Maximinus
642 2094 756 2117 rerum
783 2083 913 2128 potitus
938 2083 1076 2118 senatui
1099 2084 1229 2127 statim,
1254 2091 1293 2118 ut
1317 2096 1339 2118 a
1364 2083 1532 2118 militibus
1550 2083 1745 2130 imperator

267 2129 465 2184 appellatus
490 2135 604 2173 esset,
630 2129 855 2173 significavit.
903 2141 967 2163 nec
990 2130 1026 2163 in
1053 2130 1274 2164 Christianos
1296 2130 1465 2165 duntaxat
1487 2141 1614 2170 saevus
1639 2135 1744 2174 atque

267 2176 423 2211 immanis
447 2175 607 2217 exstitit,
648 2176 710 2209 sed
740 2175 777 2208 in
808 2175 966 2209 subditos
998 2186 1109 2220 aeque
1133 2187 1264 2210 omnes.
1311 2188 1389 2211 nam
1412 2181 1448 2210 et
1471 2168 1643 2230 superbus
1667 2178 1746 2209 erat

269 2227 308 2256 et
330 2220 500 2268 pecuniae
524 2201 671 2265 avidus,
695 2232 806 2266 eaque
830 2221 874 2255 de
897 2232 1005 2255 causa
1026 2221 1272 2256 iniustissimus
1295 2226 1332 2256 et
1354 2221 1620 2266 sanguinarius,
1646 2220 1746 2255 deni—

268 2279 337 2313 que
361 2268 465 2313 plane
486 2271 679 2310 tyrannus,
713 2268 756 2301 ad
789 2267 930 2312 rapinas
965 2274 1001 2301 et
1033 2267 1160 2302 caedes
1184 2267 1357 2302 bominum
1381 2268 1456 2302 sine
1479 2267 1547 2302 ulla
1570 2266 1747 2321 probabili

268 2324 375 2348 causa
405 2324 528 2347 ruens·
561 2313 606 2346 ad
636 2324 723 2356 quas
758 2313 846 2347 adeo
879 2324 1073 2367 propensus
1107 2313 1194 2355 fuit,
1232 2318 1271 2348 ut
1304 2324 1369 2347 nec
1401 2313 1521 2348 uxoris
1542 2324 1627 2347 suae
1648 2312 1744 2346 vitae

266 2364 441 2405 parceret.
472 2359 702 2398 occultandae
725 2370 833 2413 porro
851 2358 1086 2404 ignobilitatis
1111 2370 1195 2393 suae
1215 2359 1345 2403 studio,
1367 2359 1544 2413 patriciis
1551 2359 1744 2413 despectis,

266 2406 440 2439 hominum
469 2405 695 2438 obscurorum
726 2404 964 2439 familiaritate
997 2406 1174 2439 utebatur.
1197 2405 1344 2449 quibus
1376 2405 1419 2438 de
1450 2405 1569 2439 causis
1594 2405 1743 2439 omnium

267 2451 348 2485 odia
370 2450 540 2495 suscepit.
589 2450 678 2484 bello
705 2448 890 2484 Germanis
913 2451 1010 2484 illato
1033 2451 1184 2496 praedas
1207 2462 1250 2484 ex
1273 2451 1366 2495 agris
1389 2451 1482 2494 egit,
1516 2450 1742 2485 barbarorum

267 2496 403 2531 nemine
427 2496 464 2529 in
488 2502 707 2541 conspectum
732 2497 909 2530 veniente.
958 2496 1083 2531 deinde
1108 2497 1203 2530 circa
1226 2496 1370 2541 paludes
1402 2501 1440 2531 et
1467 2501 1656 2542 perpetuas
1683 2496 1742 2530 sil-

266 2554 331 2577 vas
355 2547 606 2587 apparuerunt.
654 2553 723 2587 quo
752 2554 827 2576 cum
851 2542 996 2576 Romani
1021 2543 1223 2586 irruissent,
1258 2553 1415 2586 magnam
1443 2553 1561 2576 eorum
1578 2541 1742 2576 multitu·-

268 2588 383 2622 dinem
414 2588 629 2624 occiderunt.
677 2588 727 2622 ita
753 2588 869 2622 victer
894 2589 1104 2622 Maximinus
1126 2588 1205 2621 cum
1225 2589 1373 2622 maxima
1396 2588 1612 2634 captivorum
1635 2588 1742 2625 turba

267 2645 433 2668 reversus
458 2638 523 2668 est.
547 2635 608 2668 sed
634 2635 716 2679 quia
740 2634 809 2668 sibi
833 2634 945 2668 omnia
966 2634 1182 2668 subditorum
1200 2632 1296 2679 bona
1318 2633 1529 2677 vindicabat,
1553 2645 1618 2667 nec
1636 2631 1741 2668 ulla'm

269 2680 438 2723 pecuniae
473 2680 663 2725 rapiendae
695 2680 910 2714 occasionem
939 2680 1159 2724 negligebat,
1195 2690 1237 2713 ac
1267 2691 1310 2713 ne
1340 2680 1450 2714 sacris
1479 2679 1618 2725 quidem
1652 2678 1740 2724 ipsis

270 2725 487 2769 abstinebat,
512 2726 668 2759 omnibus
692 2737 752 2759 eos
777 2726 921 2768 milites,
956 2737 976 2759 a
1000 2725 1124 2770 quibus
1146 2724 1337 2770 imperator
1363 2730 1504 2760 creatus
1528 2729 1643 2768 esset,
1668 2724 1740 2758 cul·

269 2770 452 2817 sumtibus,
488 2771 678 2808 Africanae
707 2771 862 2816 legiones
891 2775 963 2806 tum
987 2783 1028 2807 ea
1051 2772 1096 2806 de
1117 2781 1222 2806 causa
1246 2776 1318 2807 tum
1339 2772 1412 2807 alia
1430 2770 1577 2817 quadam
1598 2781 1638 2806 re
1661 2769 1739 2805 irri-
