1820 3120
274 94 369 142 130
763 99 989 143 IOANNIS
1017 100 1275 143 ZONARAE

271 217 353 259 τοῖς
387 210 592 264 γινομένας
623 209 866 267 ῖταμῶτερον
899 214 954 263 εἰς
984 211 1130 262 αὐτοὺς
1161 213 1331 262 ἐκείνους
1359 211 1723 257 ἀνταπεδείκνυντο.

271 276 360 320 οὔτ’
387 271 458 319 οῧν
481 276 615 335 φέρειν
634 283 742 336 σφᾶς
764 280 803 322 οἱ
825 279 985 336 ἀρχαῖοι
1007 284 1166 323 πολῖται
1190 279 1279 323 οὔτε
1297 280 1403 322 καθ’
1424 279 1590 332 {antehc
1605 282 1723 324 δεδυ-

267 345 427 399 νημένοι
452 344 710 400 ἀμύνασθαι,
754 346 895 405 λάθρα
917 348 1102 405 πρέσβεις
1125 349 1180 398 εἷς
1202 348 1272 403 τὴν
1289 345 1454 404 εΡῶιιιην
1475 349 1724 392 ἀπέστειλαν.

268 413 314 455 οἳ
339 414 405 456 καὶ
436 413 497 455 δι’
522 412 759 471 ἀπορρήτων
788 416 930 466 νυκτὸς
961 416 1034 471 τὴν
1063 418 1273 472 γερουσίαν
1297 417 1352 466 εἷς
1374 415 1575 471 ἰδιωτικὴν
1596 418 1723 460 οἰκίαν

214 493 244 527 Β
269 481 426 532 ἐλθεῖν,
457 482 526 523 ἰ’να
556 483 681 537 μηδὲν
714 484 934 540 ἐξαγγελθῇ
948 515 961 535 ,
1008 482 1305 541 παρεκάλεσαν·
1341 485 1408 526 καὶ
1438 483 1590 538 ἔτυχον.
1655 485 1757 530 καὶὸ

269 549 307 591 οἶ
339 550 411 603 μὲν
442 547 497 599 ὥς
530 550 691 600 οὐδενὸς
725 549 989 601 ἓπακούοντος
1022 551 1306 604 ἐβουλεύοντο,
1355 552 1554 606 Σαυνίτης
1587 552 1633 595 δέ
1665 569 1726 602 τις

267 617 378 673 παρὰ
411 621 467 675 τῷ
499 618 622 676 κυρίῳ
654 622 726 671 τῆς
761 620 887 668 οἷκίας
918 617 1213 672 ἓπιξενούμενος
1235 621 1302 662 καὶ
1325 623 1453 662 νοσῶν
1476 618 1600 662 ἔλαθε
1622 619 1726 662 κατὰ

261 681 400 740 χώραν
429 685 591 738 μείνας,
639 687 705 727 καὶ
740 685 891 739 ἔμαθεν
925 685 953 728 ἃ
983 687 1234 743 ἐψηφίσαντο
1266 689 1332 729 καὶ
1357 685 1528 742 ἐμήνυσε
1548 693 1633 737 τοῖς
1653 687 1726 742 τὴν

266 754 397 795 αἰτίαν
426 752 570 806 ἔχουσι.
639 753 810 795 κάκεῖνοι
840 754 934 804 τοὺς
965 755 1150 810 πρέσβεις
1181 747 1413 805 ἐπανιόντας
1444 755 1636 810 κατέσχον
1658 756 1726 797 καὶ

266 820 509 874 ἐβασάνισαν
523 834 534 844 ·
569 821 636 861 καὶ
658 819 862 874 μαθόντες
883 821 934 864 τὰ
958 821 1144 879 δρώμενα
1168 821 1315 873 αὐτούς
1336 840 1378 866 τε
1403 823 1634 866 ἀπέκτειναν
1657 825 1779 867 nullo

263 892 344 930 τῶν
377 887 509 930 ἄλλων
541 887 636 936 τοὺς
665 886 861 943 πρώτους.
930 889 984 931 δι’
1012 885 1083 932 οὖν
1105 891 1237 933 ταῦθ’
1264 891 1301 933 οἱ
1317 889 1516 944 “Ρωμαΐοι
1537 890 1608 933 τὸν
1633 888 1727 933 Φά-

262 960 353 1008 βιον
385 954 454 996 ἐπ’
495 953 641 1004 αὖτοὺς
673 954 865 998 ἔστειλαν.
933 958 1000 998 καὶ
1030 955 1074 1006 ὃς
1105 955 1199 1008 τούς
1221 975 1263 1000 τε
1286 957 1591 1013 ἀπαντήσαντας
1614 958 1726 1015 αὐτῷ

267 1025 310 1073 ἐξ
333 1024 488 1073 ἐκείνων
511 1022 723 1079 ἐτρέψατο,
759 1026 826 1065 καὶ
849 1025 1023 1074 πολλοὺς
1046 1026 1086 1066 ἓν
1110 1029 1161 1081 τῇ
1183 1030 1294 1082 φυγῇ
1310 1027 1486 1082 φθείρας
1503 1026 1725 1069 κατέκλεισε

262 1091 357 1141 τοὺς
387 1090 550 1139 λοιποὺς
579 1092 635 1140 εἷς
665 1091 710 1133 τὸ
733 1098 862 1145 τεῖχος
869 1124 883 1143 ,
917 1094 984 1134 καὶ
1007 1094 1230 1148 προσέβαλε
1253 1097 1305 1150 τῇ
1326 1091 1451 1136 πόλει.
1519 1095 1586 1136 καὶ
1608 1091 1630 1135 ὅ
1652 1094 1726 1148 μὲν

212 1165 242 1199 C
265 1159 444 1206 ἐνταῦθα
479 1160 650 1213 τρωθεὶς
685 1158 886 1211 ἀπέθανε,
935 1160 1216 1216 θαρσήσαντες
1246 1162 1290 1203 δ’
1317 1163 1379 1204 ἐπὶ
1409 1159 1539 1219 τούτῳ
1562 1162 1779 1216 ἐπεξῆλ-Ιὸ

260 1231 354 1269 θον.
423 1227 488 1268 καὶ
512 1224 753 1279 ἧττηθέντες
775 1222 899 1278 αὖθις
921 1227 1180 1284 ἀνεχώρησαν
1205 1230 1273 1270 καὶ
1296 1230 1623 1287 ἐπολιορκοῦντο·
1657 1231 1726 1272 καὶ

264 1297 318 1344 εἷς
353 1292 526 1349 ἀνάγκην
558 1296 678 1347 λιμοῦ
700 1294 934 1348 ἐμπεσόντες
956 1297 1193 1352 παρέδωκαν
1215 1295 1394 1347 ἑαυτούς.
1463 1295 1484 1340 ὅ
1509 1298 1554 1340 δὲ
1574 1295 1726 1347 ὕπατος

259 1361 354 1412 τοὺς
385 1362 458 1416 μὲν
490 1362 762 1418 ἀφελομένους
793 1364 866 1413 τὰς
895 1367 975 1406 τῶν
998 1365 1143 1420 κυρίων
1165 1365 1285 1419 τιμὰς
1308 1362 1561 1419 αἲκισᾶμενος
1582 1363 1725 1407 ἔκτεινε

260 1431 328 1471 καὶ
359 1429 433 1484 τὴν
465 1427 579 1471 πόλιν
612 1430 862 1484 κατέσκαψε,
902 1431 997 1481 τοὺς
1030 1433 1073 1474 δὲ
1106 1431 1341 1488 αὐθιγενεῖς,
1375 1434 1442 1475 καὶ
1467 1433 1508 1475 εἶ’
1522 1449 1624 1482 τινες
1645 1435 1725 1475 τῶν

258 1499 420 1540 οἰκετῶν
449 1498 617 1555 χρηστοὶ
639 1499 729 1556 περὶ
752 1499 846 1549 τοὺς
870 1498 1066 1550 δεσπότας
1088 1500 1263 1556 ἐγένοντο
1274 1532 1287 1552 ,
1322 1502 1364 1543 ἐν
1386 1499 1506 1560 ἑτέρῳ
1528 1498 1773 1559 κατῴκισε20
1819 1495 1820 1509 ’

256 1564 381 1609 τόπω.

343 1609 356 1625 ⁶
393 1635 434 1676 8.
496 1633 705 1676 Ἐντεῦθεν
737 1633 909 1692 ἤρξαντο
948 1635 986 1677 οἱ
1016 1633 1216 1689 “Ρωμαῖόι
1263 1637 1500 1679 διαποντίων
1538 1633 1724 1691 ἀγώνων·

349 1731 369 1762 1
394 1724 719 1764 α’ντεπεδείκνυντο
744 1730 786 1764 C.
947 1730 971 1765 3
994 1726 1131 1774 ἀμύναι
1157 1730 1198 1764 C.
1360 1732 1382 1765 5
1406 1729 1470 1764 ἵνα
1491 1730 1578 1773 ΑΒ,
1599 1721 1655 1765 ὀιιι
1680 1730 1725 1773 C,

349 1770 449 1812 ὅπως
470 1775 560 1807 PW.
704 1775 750 1810 12
773 1770 1051 1819 ἀπαντήσαντας
1072 1776 1116 1810 A.
1266 1777 1312 1812 14
1334 1774 1387 1816 εἰς
1407 1773 1496 1817 τούς
1515 1775 1658 1821 τείχους
1678 1777 1723 1810 C.

350 1819 396 1854 18
418 1817 643 1863 ἀφελόμενος
665 1820 710 1854 Β.

396 1888 567 1921 [vomas.
616 1888 704 1932 Cap.
735 1888 771 1923 8.
828 1887 956 1922 Dionis
987 1887 1169 1923 Historiae
1203 1889 1386 1923 Romanae
1418 1888 1500 1923 libri
1532 1888 1726 1934 deperditi.-

350 1937 519 1976 excerpta
549 1933 721 1966 Vaticana
744 1933 899 1969 57—59
918 1945 960 1978 p.
984 1933 1052 1968 178
1074 1946 1126 1979 sq.

258 2021 391 2044 omnem
415 2010 656 2044 auctoritatem
679 2011 894 2054 obtinerent,
926 2015 982 2052 et,
1006 2015 1046 2046 ut
1068 2012 1134 2046 alia
1157 2011 1341 2056 mittamus,
1366 2011 1511 2046 iniurias
1534 2022 1555 2045 a
1576 2010 1723 2046 dominis

259 2055 328 2090 sibi
360 2056 473 2089 factas
506 2055 634 2089 maiore
668 2056 856 2101 petulantia
889 2056 926 2090 in
958 2057 1036 2091 illos
1064 2061 1280 2103 regererent.
1335 2062 1472 2092 veteres
1495 2057 1604 2101 igitur
1625 2058 1723 2093 cives

258 2112 333 2135 cum
368 2112 428 2134 eos
461 2112 574 2145 neque
610 2101 703 2135 ferre
733 2113 847 2147 neque
879 2103 952 2135 suis
983 2102 1116 2136 viribus
1139 2103 1261 2137 ulcisci
1281 2107 1448 2148 possent,
1480 2101 1566 2137 clam
1587 2103 1722 2147 legatos

256 2146 400 2179 Romam
424 2146 607 2179 miserunt:
644 2148 704 2191 qui
735 2147 898 2193 precibus
928 2154 1061 2182 secreto
1086 2148 1317 2194 impetrarunt
1339 2153 1380 2182 ut
1401 2152 1563 2191 senatus,
1597 2159 1642 2182 ne
1663 2159 1733 2194 resv

257 2192 371 2237 palam
394 2191 507 2233 fieret,
528 2191 565 2224 in
589 2192 736 2236 privatis
759 2193 901 2227 aedibus
923 2194 1139 2228 conveniret.
1186 2198 1291 2238 atque
1312 2194 1362 2228 illi
1377 2193 1514 2239 quidem
1534 2199 1575 2228 ut
1587 2194 1722 2229 nemine

259 2236 420 2270 audiente
449 2237 712 2272 deliberabant:
749 2238 883 2272 Samnis
927 2244 1038 2273 autem
1071 2239 1206 2284 quidam
1242 2239 1379 2274 aedium
1411 2239 1540 2273 domini
1581 2239 1720 2286 hospes,

261 2286 446 2325 aegrotans
470 2289 507 2316 et
529 2293 592 2327 per
615 2282 782 2318 incuriam
805 2284 854 2318 ibi
876 2284 1028 2327 relictus,
1048 2285 1189 2328 cognito
1205 2286 1502 2320 senatusconsulto
1516 2285 1648 2319 monuit
1660 2297 1722 2320 eos

261 2328 322 2372 qui
346 2328 605 2364 accusabantur.
653 2329 702 2362 illi
732 2330 842 2374 igitur
871 2330 1135 2374 quaestionibus
1163 2330 1290 2364 habitis
1313 2330 1357 2364 de
1379 2331 1518 2375 legatis,
1541 2342 1615 2365 cum
1639 2330 1722 2376 quid

260 2377 425 2417 ageretur
443 2373 709 2416 intellexissent,
735 2381 771 2409 et
792 2375 870 2409 illos
894 2381 928 2410 et
948 2375 1113 2420 primores
1135 2375 1290 2410 civitatis
1312 2375 1522 2410 occiderunt.
1569 2387 1723 2422 quapro-

259 2424 341 2464 pter
364 2419 498 2452 Fabius
521 2430 541 2452 a
565 2419 727 2453 Romanis
752 2425 872 2454 contra
895 2432 955 2454 eos
979 2421 1102 2455 missus
1123 2432 1240 2455 omnes
1264 2421 1324 2466 qui
1346 2421 1383 2455 in
1405 2422 1513 2456 aciem
1534 2421 1721 2456 descende-

259 2469 341 2498 rant
363 2463 572 2509 profligavit,
600 2464 634 2498 in
661 2467 743 2509 fuga
767 2466 890 2501 multos
912 2466 1048 2508 occidit,
1073 2467 1226 2511 reliquos
1248 2465 1284 2500 in
1309 2468 1426 2501 urbem
1449 2467 1643 2512 compulsos
1659 2478 1721 2513 op-

260 2510 443 2554 pugnavit.
490 2509 549 2543 ubi
573 2522 649 2544 cum
674 2522 717 2544 ex
740 2511 885 2545 vulnere
908 2511 1151 2555 occubuisset,
1173 2512 1269 2546 servi
1291 2517 1467 2557 resumpta
1489 2512 1614 2546 fiducia
1638 2524 1719 2546 eru-

260 2559 408 2599 perunt:
432 2555 493 2589 sed
516 2555 604 2589 victi
626 2561 734 2600 atque
757 2557 935 2591 obsidione
958 2557 1001 2591 ad
1024 2557 1146 2591 famem
1167 2557 1302 2592 redacti
1323 2557 1532 2592 deditionem
1546 2558 1718 2593 fecerunt.

261 2600 379 2633 consul
412 2612 472 2635 eos
504 2601 563 2645 qui
595 2601 666 2635 suis
691 2602 836 2636 dominis
866 2602 1086 2647 magistratus
1108 2602 1311 2647 eripuerant
1332 2603 1548 2638 excruciatos
1569 2603 1720 2646 necavit,

260 2646 381 2724 urfiem
405 2646 553 2681 evertit:
575 2646 755 2692 indigenas
779 2653 813 2682 et
836 2659 956 2682 servos
979 2648 1036 2694 qui
1058 2648 1094 2681 in
1117 2648 1329 2684 dominorum
1343 2649 1412 2683 fide
1426 2653 1623 2683 manserant
1637 2648 1719 2683 alibi

263 2702 302 2723 co
329 2691 453 2726 ocavit.

398 2736 433 2775 8.
478 2736 532 2773 Ab
556 2749 598 2773 eo
621 2740 777 2783 tempore
798 2738 943 2774 Romani
965 2738 1194 2776 transmarina
1208 2739 1299 2776 bella
1315 2750 1438 2786 gerere
1453 2742 1536 2775 sunt
1549 2738 1720 2785 aggressi,
