1820 3120
217 411 220 414 .
248 372 315 413 καὶ
346 377 429 422 τοῖς
461 371 688 427 συμμάχοις
717 371 831 427 ὑμῶν
861 373 1130 430 ἐγγραφῆναι,
1171 371 1302 415 πολλὰ
1323 372 1396 426 μὲν
1420 370 1703 430 ὠφελήσεσθαι

193 516 224 549 D

82 1131 226 1169 P1375

253 122 349 168 118
717 93 945 166 lomms
979 122 1238 167 zoNARAE

248 238 316 279 καὶ
351 233 445 284 τοὺς
481 231 652 285 ἁλόντας
684 233 799 291 Ιὑμῶν
834 234 989 293 λύτρων
1026 237 1179 294 ἀφῆκεν
1213 235 1333 292 ἄτερ,
1383 238 1451 279 καὶ
1486 234 1705 292 δυνάμενος

248 306 456 359 πορθῆσαι
479 302 552 358 τὴν
568 301 708 361 χώραν
730 305 797 347 καὶ
819 308 871 362 τῇ
892 303 1005 347 πόλει
1027 307 1292 362 προσβαλεῖν,
1326 303 1436 356 ἀξιοῖ
1458 311 1544 357 τοῖς
1573 306 1706 363 φίλοις

249 438 327 497 ἀφ’
351 438 466 493 ὑμῶν
489 440 668 493 ἐλπίζων,
702 442 824 484 πλείω
848 442 892 483 δ’
919 441 975 484 ἔτι
997 443 1064 483 καὶ
1085 441 1207 496 μείζω
1232 438 1493 498 εὐεργετήσειν
1512 439 1667 496 {ufic-'²

378 507 468 549 Ἐπὶ
501 507 658 559 τούτοις
687 509 725 552 οἳ
756 509 916 559 πλείους
945 514 1026 552 τῶν
1055 513 1283 563 βουλευτῶν
1314 505 1528 565 ἠρέσκοντο
1561 509 1628 566 deci
1650 507 1737 552 τὰὸ

248 577 363 632 δῶρα
398 578 464 618 καὶ
501 577 570 619 διὰ
605 577 700 627 τοὺς
735 575 1035 631 αἰχμαλώτους·
1081 577 1128 620 οὗ
1163 578 1298 632 μέντοι
1329 578 1396 619 καὶ
1430 576 1704 634 ἀπεκρίναντο,

247 643 340 686 ἀλλ’
367 643 562 687 ἐσκόπουν
583 644 640 689 ἔτι
661 645 821 695 πλείους
841 643 996 702 ἡμέρας
1017 643 1039 687 ὅ
1063 662 1102 688 τι
1127 646 1211 702 χρὴ
1245 647 1409 702 πρᾶξαι.
1476 646 1544 688 καὶ
1575 645 1707 688 πολλοὶ

245 712 319 766 μὲν
341 710 514 768 ἐλέγετο,
560 711 765 770 ἐπεκράτει
801 712 842 754 δ’
878 712 988 768 ὅμως
1021 714 1282 756 σπείσασθαι.
1348 711 1500 767 μαθὼν
1521 713 1707 756 &amoto

236 779 406 831 ’,Άππιος
429 779 450 823 ὅ
473 780 646 838 τυφλός,
680 781 878 836 ἐκομίσθη
915 783 977 824 ἐπὶ
1010 781 1056 824 τὸ
1087 781 1374 838 βουλευτήριον
1405 779 1499 836 (ὕπὸ
1533 781 1612 840 γὰρ
1633 785 1707 825 τοῦ

245 846 395 904 γήρους
419 850 485 890 καὶ
509 853 582 891 τοῦ
606 847 768 899 πάθους
790 851 985 906 οἰκουρῶν
1005 844 1072 905 ἦν)
1107 852 1174 892 καὶ
1207 849 1288 893 εἶπε
1310 849 1369 905 μὴ
1392 849 1612 907 συμφέρειν
1633 849 1708 900 τὰς
1718 856 1764 892 10

245 915 348 970 πρὸς
368 915 438 957 τὸν
460 915 630 973 Πύρρον
654 915 876 970 συμβάσεις
896 922 948 973 τῇ
970 919 1160 976 πολιτείᾳ,
1187 917 1384 975 παρῄνεσε
1408 918 1453 960 δὲ
1474 920 1542 960 καὶ
1565 918 1708 962 αὖτίκα
1799 919 1801 922 ’

245 983 315 1026 τὸν
337 983 510 1025 Κιννέαν
541 982 724 1034 ἐξελάσαι
755 988 828 1037 τῆς
857 983 1032 1036 πόλεως,
1078 986 1145 1026 καὶ
1183 985 1240 1026 δι’
1280 986 1405 1028 αὐτοῦ
1442 987 1622 1041 δηλῶσαι
1651 990 1709 1042 τῷ

244 1050 403 1109 Πύρρῳ
447 1051 584 1094 οἴκαδε
625 1051 944 1109 ἀναχωρήσαντα
985 1055 1136 1096 ἐκεῖθεν
1180 1050 1574 1110 ἐπικηρυκεύσασθαι
1619 1055 1710 1109 περὶ

251 1118 408 1175 εῗρήνης
431 1119 567 1170 αὐτοῖς
588 1118 614 1174 ἢ
639 1122 705 1162 καὶ
728 1122 817 1177 περὶ
841 1119 978 1178 ἑτέρου
1001 1119 1098 1164 ὅτου
1122 1121 1264 1163 δέοιτο.
1331 1125 1460 1164 ταῦτα
1494 1119 1515 1164 ὅ
1542 1120 1711 1171 ’Ἄππιος

248 1186 576 1240 συνεβούλευσεν·
606 1186 631 1243 ἧ
657 1189 701 1231 δὲ
721 1189 911 1244 γερουσία
935 1189 1063 1232 οὐκέτι
1087 1189 1312 1244 ἐμέλλησεν,
1337 1189 1430 1232 ἀλλ’
1460 1189 1585 1240 εὐθὺς
1606 1187 1707 1244 ὅμο-
1719 1196 1762 1231 15

247 1255 438 1310 θυμαδὸν
461 1257 714 1313 ἐψηφίσαντο
739 1258 975 1314 αὐθημερὸν
997 1257 1066 1300 τὸν
1090 1259 1260 1300 Κιννέαν
1289 1257 1367 1308 ἔξω
1397 1262 1480 1300 τῶν
1509 1255 1615 1315 ὅρων
1644 1258 1711 1300 ἐκ·

247 1324 407 1379 πέμψαι
421 1356 432 1375 ,
468 1326 533 1366 καὶ
557 1329 615 1382 τῷ
636 1323 794 1383 Πύρρῳ
818 1325 991 1380 πόλεμον
1015 1324 1254 1382 ἀκήρυκτον,
1291 1326 1366 1376 ἕως
1388 1324 1438 1368 ἂν
1461 1326 1502 1367 ἐν
1531 1330 1582 1384 τῇ
1607 1326 1712 1369 Ἰτα-

252 1394 317 1452 λιά
342 1391 484 1449 διάγῃ,
518 1391 785 1448 ποιήσασθαι.
853 1401 936 1444 τοῖς
970 1393 1010 1435 δ’
1049 1393 1319 1447 αἲχμαλώτοις
1352 1394 1514 1448 ἀτιμίαν
1546 1393 1635 1437 τινὰ
1670 1395 1711 1436 ἐν

250 1468 338 1510 ταῖς
371 1461 598 1518 στρατείαις
629 1462 840 1513 ἐπέθεσαν,
884 1464 951 1504 καὶ
976 1461 1066 1505 οὔτε
1087 1462 1189 1518 πρὸς
1210 1462 1279 1504 τὸν
1300 1461 1472 1519 Πύρρον
1495 1461 1632 1513 αῧτοῖς
1654 1460 1712 1504 ἔτι

249 1526 470 1584 ἐχρήσαντο
503 1529 593 1571 οὔτ’
626 1529 775 1573 ἄλλοσέ
796 1547 865 1572 ποι
896 1528 1087 1584 ἀθρόοις,
1118 1531 1187 1573 ἵνα
1210 1529 1267 1585 μή
1291 1547 1329 1572 τι
1351 1528 1454 1585 ὃμοῦ
1477 1527 1587 1580 ὄντες
1609 1539 1766 1574 vem-20

249 1598 471 1653 τερίσωσιν,
506 1597 602 1639 ἀλλ’
627 1597 775 1649 ἄλλους
798 1597 900 1656 ἄλλῃ
924 1596 1231 1657 φρουρήσοντας
1253 1598 1451 1654 ἔπεμψαν.

343 1736 366 1770 2
388 1736 582 1781 πορθῆσαι
602 1732 672 1781 τὴν
689 1733 804 1792 ,πόλιν
824 1734 889 1772 καὶ
910 1738 957 1784 τῇ
979 1735 1080 1794 χώρᾳ
1102 1737 1331 1793 προσβαλεῖνν
1346 1738 1389 1772 Α.
1480 1736 1506 1772 4
1525 1732 1713 1794 εὐεργετή-

343 1782 519 1872 ἓεῆμὲἆῶν
539 1783 632 1863 Α,10
654 1794 772 1828 γηρως
794 1783 836 1820 Α.
953 1785 999 1820 14
1019 1795 1110 1820 οτου
1131 1784 1286 1828 ABCW,
1308 1793 1406 1818 οπου
1427 1783 1475 1818 Ρ.·
1575 1782 1621 1817 16
1644 1794 1710 1817 αυ-

254 1949 405 1984 ciliaret.
450 1954 636 1995 praeterea
665 1951 826 1996 captivos
853 1951 928 1986 sine
957 1951 1071 1997 pretio
1096 1950 1197 1986 vobis
1218 1950 1396 1994 restituit3
1432 1953 1471 1985 et
1494 1961 1571 1985 cum
1593 1961 1711 1996 agrum

252 2000 404 2030 vestrum
428 2001 571 2031 vastare
595 2000 631 2030 et
654 1998 773 2031 urbem
797 2008 1000 2052 oppugnare
1022 1997 1215 2042 potuisset,
1249 2008 1288 2030 se
1316 1997 1354 2030 in
1385 2007 1561 2031 numerum
1585 1997 1714 2030 amico-

251 2053 327 2075 rum
351 2046 387 2075 et
408 2042 578 2076 sociorum
600 2049 796 2077 vestrorum
816 2043 963 2078 1nscribi
980 2043 1083 2088 petit.
1129 2043 1195 2077 iam
1218 2042 1374 2087 quamvis
1397 2042 1465 2076 sibi
1488 2053 1550 2076 vos
1574 2042 1713 2076 multum

253 2087 674 2144 commodatur-os'credit,
698 2089 799 2136 plura
821 2101 860 2125 se
881 2092 995 2123 tamen
1019 2093 1056 2123 et
1078 2088 1209 2123 maiora
1229 2089 1268 2122 in
1291 2098 1354 2123 vos
1377 2088 1546 2122 beneficia
1570 2087 1714 2123 collatu-

251 2144 326 2167 rum
349 2134 535 2168 existimat.

389 2179 487 2213 Haec
518 2190 595 2214 oum
626 2179 794 2214 maximae
823 2183 1019 2214 senatorum
1050 2178 1144 2224 parti
1176 2179 1221 2213 ob
1252 2177 1455 2224 largitiones
1488 2181 1524 2213 et
1555 2177 1714 2224 captivos

252 2223 408 2258 redditos
429 2225 617 2270 placerent,
639 2230 755 2259 tamen
778 2225 870 2267 nullo
894 2236 1062 2271 responso
1086 2225 1167 2259 dato
1186 2224 1304 2270 plures
1328 2223 1404 2258 dies
1427 2225 1464 2258 in
1487 2223 1713 2258 deliberando

252 2275 558 2316 consumpserunt3
595 2282 738 2316 cumque
773 2271 870 2305 varia
899 2271 1116 2312 dicerentur,
1149 2270 1322 2304 sententia
1355 2269 1398 2303 de
1432 2281 1518 2316 pace
1550 2269 1715 2304 facienda

252 2315 352 2350 vicit.
400 2327 468 2361 quo
492 2317 626 2362 Appius
651 2328 774 2351 caecus
799 2317 938 2362 cognito
961 2317 998 2351 in
1021 2321 1178 2350 senatum
1202 2316 1336 2350 delatus
1370 2316 1465 2359 (nam
1496 2315 1540 2350 ob
1564 2319 1714 2350 aetatem

253 2365 291 2395 et
319 2361 447 2396 cladem
478 2363 650 2396 oculorum
686 2363 775 2397 domi
804 2374 842 2396 se
875 2363 1050 2397 continere
1080 2361 1237 2405 solebat)
1272 2363 1418 2406 negavit
1452 2373 1472 2396 e
1501 2372 1542 2396 re
1574 2361 1714 2406 publica

253 2418 330 2442 esse
351 2412 391 2441 ut
412 2418 482 2452 pax
505 2419 579 2442 cum
604 2408 739 2451 Pyrrho
762 2409 874 2452 fieret,
900 2413 937 2443 et
959 2408 1090 2443 monuit
1108 2408 1248 2442 Cineam
1272 2407 1389 2442 statim
1411 2408 1496 2442 urbe
1520 2407 1714 2452 pellendum

255 2464 343 2495 esse,
367 2464 432 2498 per
455 2464 530 2487 eum
557 2466 600 2488 ue
616 2453 752 2497 Pyrrho
778 2454 1036 2499 significandum
1058 2458 1099 2488 ut
1122 2453 1256 2487 domum
1278 2464 1443 2487 reversus
1467 2453 1544 2487 sive
1569 2453 1612 2487 de
1626 2463 1715 2498 pace

254 2499 330 2533 sive
353 2499 434 2543 quid
460 2466 555 2533 8Ιίυὲ
574 2499 689 2534 vellet*
704 2501 838 2544 legatos
861 2501 1025 2535 mitteret.
1071 2499 1156 2533 haec
1178 2498 1292 2544 Appio
1317 2499 1434 2533 locuto
1459 2502 1599 2533 senatus
1632 2497 1716 2531 nihil

255 2548 438 2578 cunctatus
462 2545 580 2580 statim
604 2546 902 2581 consentientibus
926 2545 1043 2580 animis
1066 2545 1226 2580 decrevit
1241 2545 1384 2579 Cineam
1407 2544 1526 2579 eodem
1542 2543 1599 2578 die
1614 2548 1715 2577 extra

254 2589 342 2622 fines
365 2591 602 2635 ablegandum,
627 2598 663 2626 et
684 2592 835 2635 Pyrrho,
860 2593 939 2627 dum
961 2592 995 2626 in
1018 2591 1118 2625 Italia
1140 2595 1354 2634 versaretur,
1377 2589 1503 2624 bellum
1524 2589 1713 2623 irreconci-

256 2635 372 2668 liabile
394 2636 609 2671 indicendum
635 2649 724 2673 esse.
771 2639 934 2684 captivos
965 2649 1050 2672 vero
1073 2636 1214 2671 militari
1236 2636 1382 2681 quadam
1404 2635 1591 2681 ignominia
1614 2640 1714 2668 nota·
1819 2661 1820 2675 ἶ

257 2684 362 2724 runt,
394 2681 439 2715 iis
463 2694 575 2727 neque
598 2690 718 2717 contra
738 2683 912 2727 Pyrrhum
934 2684 1010 2728 usi,
1044 2694 1156 2729 neque
1179 2693 1321 2727 usquam
1345 2681 1427 2716 alibi
1449 2680 1638 2726 universis,
1672 2692 1716 2714 ne
1819 2703 1820 2741 1

257 2726 339 2779 quid
364 2727 537 2762 coniuncti
569 2740 733 2764 novarum
766 2741 880 2765 rerum
909 2730 1128 2773 molirentur,
1163 2729 1223 2763 sed
1254 2728 1341 2762 alios
1371 2727 1409 2761 in
1439 2727 1508 2761 alia
1540 2726 1714 2773 praesidia

256 2776 433 2809 miserunt.
