1820 3120
263 119 365 166 448
739 86 969 161 lofflms
1002 116 1265 161 ZONARAE

263 251 339 289 ρας
361 230 524 280 ἁπάσας
546 231 602 280 εἷς
623 234 745 284 νῆσον
768 229 842 280 τὰς
865 227 939 272 δύο
964 230 1233 273 κατέκλεισεν·
1267 227 1293 284 ἦ
1327 229 1405 286 γὰρ
1435 231 1736 288 τρίτη-προετε-

262 299 416 355 θνήκει.
483 300 549 340 καὶ
577 297 683 341 ἄλλα
706 299 836 340 πολλὰ
862 292 1030 341 τοιαῦτα
1053 299 1227 352 ἐποίησε.
1271 300 1351 340 καὶ
1373 297 1444 341 τὸν
1469 298 1659 356 Τιβέριον
1680 297 1738 350 ὥς

261 369 412 423 ἀσελγῆ
432 369 499 409 καὶ
520 365 739 423 μιαιφόνον
763 367 985 420 διέβαλλεν,
1021 364 1124 409 ὥστε
1154 367 1222 408 καὶ
1253 361 1404 417 ἄλλους
1426 367 1471 409 ἐκ
1491 365 1737 422 τούτου-χα-

262 435 446 492 ριεῖσθαί
476 435 515 477 οἷ
546 435 789 489 νομίσαντας
810 434 1108 494 προπετεστέρα
1129 435 1336 494 παρρησίᾳ
1352 432 1631 491 χρήσιιισθοιιϊ.ἵ
1646 433 1739 478 ἐἶτα

209 514 241 548 D
265 502 398 561 ἐπῄνει
430 520 472 545 τε
502 505 570 546 καὶ
601 504 824 558 ἐσέμνυνεν,
861 502 963 545 ὥστε
994 505 1063 545 καὶ
1093 500 1265 546 κολάσαι
1294 502 1407 553 τινὰς
1437 503 1510 560 ἐφ’
1545 499 1608 554 οἷς
1637 502 1731 546 κατ’
1746 514 1776 548 5

260 573 411 615 ἐκείνου
435 570 665 628 εἰρήκεσαν·
699 573 768 614 καὶ
793 570 888 621 τοὺς
907 575 1256 628 βλασφημοῦντας
1276 571 1424 614 ἐκεῖνον
1447 569 1643 624 ἐκάκιζεν,
1668 573 1739 614 καὶ

260 641 356 690 τοὺς
389 641 651 690 ἐπαινοῦντας
676 638 732 690 ὥς
755 641 900 697 φίλους
923 640 1072 682 ἐκείνου
1096 641 1220 694 ἐμίσει
1235 653 1246 664 ·
1282 641 1350 682 καὶ
1373 642 1635 695 παμπληθεῖς
1657 638 1740 682 ἀπ-

260 709 404 751 έκτεινε
435 713 516 750 τῶν
548 708 652 751 κατὰ
685 711 760 750 τοῦ
792 707 947 763 πατρὸς
977 709 1045 750 καὶ
1076 712 1150 762 τῆς
1178 707 1334 764 μητρὸς
1355 709 1423 751 καὶ
1445 711 1532 751 τῶν·
1549 707 1739 764 ἀδελφῶν

262 777 391 819 αὐτοῦ
411 776 480 818 τὸν
506 777 696 833 Τιβέριον
719 774 1005 833 ἓρεθισάντων,
1039 777 1168 819 καίτοι
1200 776 1273 831 τὴν
1305 776 1429 833 ὀργὴν
1459 775 1597 827 αὐτοῖς
1619 775 1742 833 ἀφεῖ-

260 862 327 887 ναι
362 845 487 900 λέγων
518 846 585 886 καὶ
617 844 668 887 τὰ
698 843 922 901 γράμματα
954 844 1202 902 καταφλέξαι
1237 844 1384 887 αὐτῶν.
1451 845 1520 886 καὶ
1545 843 1670 895 ναοὺς
1691 843 1736 886 δὲ
1747 851 1800 888 11)v

261 912 393 970 ἑαυτῷ
415 914 482 954 καὶ
505 914 655 963 θυσίας
679 911 734 963 ὡς
755 917 845 970 θεῷ
866 914 1049 968 γίνεσθαι
1073 913 1288 955 ἐκέλευσεν.
1357 910 1595 966 αἲτοῦμενός
1623 912 1672 955 τέ
1698 929 1744 955 τι.

260 981 469 1037 ὠργίζετο,
500 983 566 1022 καὶ
592 977 716 1031 αὖθις
739 982 882 1035 ἓμηνία
906 979 962 1030 ὥς
983 981 1042 1035 μὴ
1067 978 1320 1034 αἰτούμενος·
1356 979 1452 1031 ὀξύς
1467 980 1514 1023 ,τ’
1540 980 1609 1023 ἐπί
1625 997 1739 1031 τινας

258 1048 423 1106 πράξεις
459 1050 648 1106 ἐφέρετο,
691 1050 758 1090 καὶ
795 1048 1036 1091 νωθέστατα
1075 1049 1182 1098 ἐνίας
1215 1049 1559 1104 μετακεχείριστοῖ
1604 1047 1665 1092 τά,
1694 1065 1743 1090 τε

255 1117 450 1174 χρήματα
486 1119 554 1159 καὶ
590 1117 862 1174 ἀφειδέστατα
898 1115 1113 1171 ἀνήλισκε,
1149 1118 1216 1158 καὶ
1252 1115 1527 1175 ρυπαρώτατα
1560 1116 1738 1173 ἠργυρο-

77 1197 105 1230 Ρ
129 1196 147 1230 Ι
170 1175 239 1232 554
263 1184 392 1241 λόγει·
430 1192 514 1235 τοῖς
545 1202 586 1228 τε
618 1183 876 1228 θωπεύουσιν
909 1185 1032 1227 αὐτὸν
1061 1187 1128 1227 καὶ
1154 1191 1238 1234 τοῖς
1262 1185 1649 1242 παρρησιαζομένοις
1669 1186 1735 1227 καὶ
1747 1189 1792 1225 15

257 1254 410 1309 ἤχθετο
435 1252 584 1308 ὁμοίως
607 1255 675 1296 καὶ
696 1253 829 1308 ἥδετο.
899 1255 967 1295 καὶ
992 1252 1166 1303 πολλοὺς
1188 1253 1261 1307 μὲν
1283 1252 1441 1309 μεγάλα
1466 1251 1739 1308 ἀδικήσαντας

259 1321 449 1374 ἐκόλασε,
482 1322 655 1372 πολλοὺς
678 1323 722 1364 δὲ
742 1322 869 1376 μηδὲν
889 1319 1130 1376 ἠδικηκότας
1154 1321 1367 1364 ἀπέκτεινε.
1395 1342 1398 1345 ’
1435 1322 1503 1364 καὶ
1525 1326 1606 1364 τῶν
1627 1320 1738 1364 ἑταί-

260 1407 343 1448 ρων
365 1391 555 1444 τοὺςμέν
576 1388 888 1446 ὗπερεκολάκευε
900 1421 913 1441 ,
948 1390 1044 1440 τοὺς
1069 1390 1112 1432 δὲ
1134 1387 1387 1446 ὓπερύβριζε.
1430 1387 1600 1448 τοιούτῳ
1623 1390 1668 1432 δὲ
1688 1389 1736 1432 τὸ

258 1457 424 1513 σύμπαν
447 1459 485 1500 οἳ
502 1457 694 1513 Ῥωμαῖοι
716 1457 806 1501 τότε
828 1456 1119 1514 παρεδόθησαν
1142 1456 1436 1515 αὐτοκράτορι,
1465 1457 1567 1501 ὥστε
1590 1458 1642 1500 τὰ
1664 1461 1739 1500 τοῦ.

261 1528 455 1584 Τιβερίου
487 1526 606 1583 ἔργα,
651 1528 781 1569 καίτοι
816 1528 1013 1568 δοκοῦντα
1047 1524 1307 1581 παγχάλεπα,
1353 1529 1546 1568 τοσοῦτον
1578 1525 1647 1569 τὰ.
1663 1529 1737 1569 τοῦ
1745 1531 1792 1566 20

260 1597 301 1636 Γ
299 1598 391 1637 α“ί·ου
417 1601 684 1652 παρενεγκεῖν,
708 1594 803 1638 ὅσον
826 1595 989 1650 κρείττω
1013 1594 1171 1636 ἐκείνων
1195 1594 1248 1636 τὰ
1270 1598 1345 1636 τοῦ
1365 1591 1612 1650 Αὐγούστου
1637 1592 1738 1636 εἶναι

261 1662 458 1706 ἒδόκουν.-
487 1662 697 1720 ΙΤιβέριος
717 1663 790 1717 μὲν
813 1662 892 1719 γὰρ
915 1657 1014 1719 ἦρχε
1038 1663 1103 1704 καὶ
1129 1668 1211 1712 τοῖς
1233 1660 1373 1713 ἄλλοις
1394 1660 1614 1720 ὑπηρέταις
1635 1663 1738 1719 πρὸς

350 1813 373 1848 9
398 1810 528 1894 ἆιέεῖλε
548 1813 590 1849 Β.
757 1813 801 1849 13
823 1811 1072 1858 μεταχείριστο
1096 1812 1125 1847 P
1148 1814 1235 1849 sola.
1399 1814 1445 1850 15
1477 1815 1557 1855 τοῖς
1590 1813 1736 1849 alterum

350 1871 405 1895 om
461 1886 471 1896 .

257 2006 399 2032 sorores
429 2005 546 2029 omnes
581 1993 742 2040 corrupit
771 1996 809 2028 et
837 1994 924 2030 duas
954 1994 990 2029 in
1012 1994 1158 2030 insulam
1180 1994 1370 2040 relegavit:
1402 2005 1480 2029 nam
1504 1993 1612 2030 tertia
1639 1995 1737 2040 prius

258 2042 409 2079 obierat.
459 2051 500 2074 ac
524 2040 630 2074 multa
654 2039 690 2073 id
714 2051 823 2084 genus
846 2041 944 2079 fecit.
995 2053 1071 2075 cum
1095 2040 1278 2075 Tiberium
1311 2044 1350 2074 ut
1375 2040 1588 2075 luxuriosum
1612 2046 1649 2075 et
1672 2041 1736 2075 ho-

257 2088 415 2121 micidam
439 2086 694 2130 criminaretur,
725 2086 785 2119 alii
808 2097 948 2132 quoque
971 2098 1010 2121 se
1032 2087 1081 2120 illi
1103 2091 1239 2131 gratum
1261 2087 1418 2120 facturos
1441 2086 1511 2120 rati
1533 2087 1676 2121 liberius
1699 2087 1737 2120 in

258 2145 334 2167 eum
359 2138 442 2167 sunt
462 2131 608 2166 invecti.
654 2132 780 2165 deinde
813 2133 959 2166 eundem
991 2132 1150 2167 laudavit
1180 2138 1215 2167 et
1246 2132 1441 2166 celebravit
1471 2136 1507 2166 et
1539 2143 1669 2177 poenas
1692 2132 1737 2166 de

257 2179 302 2213 iis
332 2177 480 2223 sumpsit
512 2177 573 2223 qui
604 2177 655 2211 illi
690 2177 953 2213 maledixerunt.
1010 2177 1098 2212 male
1131 2178 1174 2212 de
1208 2189 1250 2212 eo
1283 2178 1466 2222 loquentes
1500 2178 1736 2237 vituperabtit,

258 2224 439 2259 laudantes
464 2224 587 2257 oderat
611 2227 651 2257 ut
677 2224 807 2257 amicos
829 2223 934 2261 illius.
983 2235 1141 2269 magnam
1168 2225 1303 2258 turbam
1326 2234 1446 2257 eorum
1469 2223 1530 2268 qui
1553 2223 1736 2258 'liberium

256 2274 380 2304 contra
406 2274 539 2314 patrem
563 2273 707 2303 matrem
730 2274 769 2303 et
792 2270 923 2304 fratres
945 2269 1020 2304 eius
1044 2270 1225 2304 irritarunt
1247 2267 1387 2312 occidit,
1413 2269 1571 2313 quamvis
1596 2269 1732 2314 sepla-

256 2322 371 2350 catum
396 2316 448 2349 eis
474 2326 553 2349 esse
577 2326 764 2360 eorumque
789 2315 928 2349 litteras
951 2327 1123 2349 cremasse
1147 2315 1293 2349 diceret.
1320 2313 1450 2359 templa
1473 2314 1549 2348 sibi
1571 2319 1608 2349 et
1626 2315 1738 2349 sacri-

254 2362 335 2395 ficia
359 2367 397 2395 ut
421 2362 486 2395 deo
510 2360 587 2395 fieri
610 2360 724 2396 iussit.
771 2361 801 2395 si
825 2361 910 2406 quid
933 2363 1139 2407 petebatur,
1165 2361 1404 2403 irascebatur,
1429 2360 1459 2394 si
1482 2359 1567 2394 nibil
1590 2362 1736 2406 peteba-

255 2413 326 2451 tur,
352 2418 473 2441 rursus
496 2407 733 2443 succensebat.
771 2418 830 2440 res
853 2407 1021 2451 quasdam
1045 2407 1223 2442 celerrime
1245 2406 1530 2451 aggrediebatur,
1555 2405 1736 2440 nonnullas

257 2453 456 2486 tardissime
480 2452 706 2496 suscipiebat.
751 2453 934 2497 pecuniam
966 2458 1005 2486 ut
1036 2464 1103 2498 per
1133 2463 1294 2486 summam
1325 2452 1555 2486 temeritatem
1580 2452 1736 2486 effunde—

255 2500 338 2541 bat,
373 2498 427 2532 ita
457 2497 696 2532 sordidissime
729 2500 964 2543 comparabat,
1012 2503 1082 2533 tam
1115 2497 1355 2532 adulatoribus
1379 2508 1481 2542 quam
1506 2497 1733 2532 monitoribus

257 2555 301 2577 ex
325 2555 436 2588 aequo
467 2550 503 2578 et
526 2543 768 2578 delectabatur
794 2549 831 2578 et
855 2544 1111 2579 offendebatur.
1158 2543 1284 2577 multos
1316 2543 1537 2587 gravissimis
1565 2543 1732 2578 facinori-

259 2590 324 2622 bus
359 2590 569 2623 constrictos
594 2589 782 2635 puniebat,
820 2591 946 2624 multos
979 2590 1083 2635 plane
1112 2589 1270 2623 insontes
1302 2589 1496 2625 occidebat.
1544 2588 1732 2623 amicorum

258 2635 336 2668 aliis
366 2635 547 2669 immodice
579 2637 843 2679 assentabatur,
879 2636 966 2669 alios
997 2635 1162 2670 extremis
1192 2635 1406 2669 contumeliis
1435 2633 1622 2671 afficiebat.
1669 2634 1733 2669 tali

258 2680 409 2724 denique
432 2681 632 2725 imperatori
656 2686 726 2714 tum
752 2681 897 2714 Romani
921 2685 1002 2715 sunt
1023 2681 1164 2724 traditi,
1195 2685 1235 2714 ut
1258 2680 1397 2714 Tiberii
1427 2680 1585 2715 facinora
1619 2690 1735 2725 quan-

258 2726 387 2759 tumvis
412 2726 544 2759 atrocia
568 2738 589 2760 a
613 2727 694 2760 Gaii
718 2727 910 2761 sceleribus
932 2730 1031 2761 tanto
1054 2726 1235 2760 intervallo
1260 2726 1485 2761 vincerentur
1506 2730 1636 2770 quanto
1661 2726 1733 2760 Au·

258 2775 382 2816 gustus
408 2772 572 2817 princeps
595 2777 743 2818 utroque
768 2772 888 2807 melior
910 2773 1118 2808 habebatur.
1167 2783 1243 2807 nam
1275 2772 1446 2807 Tiberius
1472 2771 1666 2818 imperabat
1695 2776 1733 2805 et
