1794 3120
275 114 340 162 42
740 115 964 160 IOANNIS
998 117 1254 161 ZONARAE

274 243 366 283 γαγε
395 224 491 268 ακαὶ
523 225 600 283 ἐγὼ
630 227 702 281 μὲν
726 228 777 271 τὰ
800 229 997 286 πρέποντα
1020 232 1173 287 ἐμαυτῇ
1194 228 1371 284 ποιήσω,
1412 229 1526 284 ὖμεῖς
1547 231 1591 274 δὲ
1613 231 1721 289 εἴπερ,
1757 262 1767 277 .

273 295 415 348 ἄνδρες
446 294 532 336 ἐστὲ
564 293 814 352 τιμωρήσατε
845 299 918 352 μὲν
948 300 1056 352 ἐμοί,
1092 297 1392 354 ἐλευθερώθητε
1417 299 1460 341 δὲ
1484 298 1619 351 αὐτοί,
1653 302 1725 345 καὶ,

271 363 421 413 δείξατε
455 368 537 411 τοῖς
569 362 775 420 τυράννοις
806 366 900 409 οἵων
930 364 1043 420 ὑμῶν
1066 366 1190 409 ὄντων
1213 367 1300 408 οἵαν
1321 372 1486 422 γυναῖκα
1508 364 1716 424 ῧβρισαν.”

220 439 250 473 C
273 434 437 473 τοιαῦτα
461 432 624 474 εἷποῢσα
648 433 773 489 εὐθὺς
795 433 839 475 τὸ
854 436 1026 490 ’ξιφίδιον
1039 432 1296 492 ὗφελκύσασα
1311 434 1548 477 κατέκτεινεν
1560 433 1720 490 ἑαυτήν.

398 497 653 550 Ἀκούσαντες
685 500 728 541 ‹5’
755 492 892 543 ἐκεῖνοι
922 506 1050 545 ταῦτα
1071 504 1138 544 καὶ
1161 501 1405 555 θεασάμενοι
1425 493 1750 559 ὖπερήλγησαν.5

268 567 335 609 καὶ
357 570 415 623 τῷ
436 568 606 624 Ποπλίῳ
631 566 847 626 συμβούλῳ
871 573 938 611 καὶ
960 569 1162 627 προθύμῳ
1186 570 1285 626 πρὸς
1308 565 1476 627 τοῦργον
1499 568 1720 627 ὃΒροῦτος

265 631 517 691 χρησάμενος
539 634 610 690 τήν
632 653 673 678 τε
696 643 863 691 γυναῖκα
886 641 1046 688 πολλοῖς
1068 643 1147 680 τῶν
1168 642 1239 680 τοῦ
1264 636 1392 692 δήμου
1417 637 1595 693 κειμένην
1623 637 1720 683 ὖπέ-

270 704 368 752 aa&
378 734 391 753 ,
426 703 492 744 καὶ
526 702 626 758 πρὸς
657 703 750 753 τοὺς
773 704 935 755 λοιποὺς
958 706 1242 761 δημηγορήσας
1263 705 1308 747 τὸ
1332 705 1432 761 πρὸς
1453 704 1547 756 τούς
1569 703 1719 764 τυράν-

75 775 122 809 W
144 775 179 809 II
203 775 248 811 18
269 787 361 820 νους
382 776 500 823 μῖσος
522 771 689 827 ἐκφῆναι
711 773 918 826 πεποίηκε·
953 775 1018 815 καὶ
1040 774 1178 828 μηκέτι
1202 773 1399 824 δέξασθαι
1421 774 1632 817 συνέθεντο
1649 774 1720 817 τὸν

269 835 508 894 Ταρκύνιον.
585 843 712 881 ταῦτα
746 840 790 882 δὲ
822 839 999 896 πράξας,
1039 843 1105 884 καὶ
1137 841 1209 896 τὴν
1240 840 1354 884 πόλιν
1384 841 1602 898 ἐπιτρέψας
1632 848 1715 892 τοῖς
1727 849 1773 884 10

270 904 419 956 ἄλλοις,
456 904 576 954 αὐτὸς
599 905 699 960 πρὸς
723 907 768 948 τὸ
793 906 1061 962 στρατόπεδον
1083 907 1338 960 ἐξιππάσατο,
1372 910 1438 951 καὶ
1461 910 1512 952 τὰ
1535 909 1639 952 αὐτὰ
1660 914 1718 966 τῷ

266 970 383 1029 δήμῳ
407 972 607 1015 συνέπεισε
631 974 697 1015 καὶ
720 972 814 1024 τοὺς
835 973 1082 1031 στρατιώτας
1104 977 1384 1031 ψηφίσασθαι.
1431 975 1452 1019 ὃ
1476 978 1523 1020 δέ
1541 994 1583 1033 γε
1603 981 1718 1032 Ταρ-

265 1038 398 1089 κύνιος
436 1039 486 1082 τὰ
527 1039 814 1095 συμβεβηκότα
853 1042 1003 1095 μαθὼν
1043 1045 1108 1085 καὶ
1146 1043 1246 1099 πρὸς
1277 1043 1349 1097 τὴν
1377 1041 1492 1086 πόλιν
1522 1035 1721 1099 ἐπειχθεὶς.

265 1105 485 1162 ἀπεώσθη,
537 1110 602 1150 καὶ
635 1109 736 1165 πρὸς
766 1109 860 1160 τοὺς
895 1111 1196 1167 Ταρκυνησίους
1224 1111 1326 1164 μετὰ
1357 1115 1436 1154 τῶν
1466 1112 1620 1155 παίδων
1649 1113 1716 1155 καὶ

214 1182 244 1216 D
266 1179 344 1219 τῶν
367 1174 499 1218 ἄλλων
521 1174 759 1233 ὃμοφρόνων
781 1178 989 1236 κατέφυγε,
1022 1177 1147 1234 μόνης
1167 1182 1239 1234 τῆς
1263 1180 1476 1231 Τουλλιάς,
1509 1177 1565 1230 ὥς
1586 1177 1714 1236 λόγος,
1727 1184 1771 1221 15

264 1242 408 1298 ἑαυτὴν
432 1243 659 1299 ἀνελούσης.
1511 1290 1516 1292 ,

392 1309 442 1354 Ὃ
464 1313 536 1366 μὲν
569 1308 638 1355 οὖν
664 1311 889 1369 Ταρκύνιος
919 1313 1029 1355 πέντε
1061 1314 1127 1354 καὶ
1160 1313 1282 1356 εἴκοσι
1303 1312 1553 1370 τυραννήσας
1580 1314 1714 1356 ἐνιαυ-

264 1379 358 1430 τοὺς
379 1379 506 1429 οὕτως
528 1381 680 1431 ἐξέπεσε
698 1385 770 1435 τῆς
787 1382 927 1437 ἀρχῆς,
953 1379 1044 1434 (12)
1061 1382 1098 1422 οἳ
1116 1379 1303 1435 Ῥωμαῖοι
1321 1382 1364 1424 δὲ
1380 1381 1479 1438 πρὸς
1494 1382 1563 1425 τὸν
1579 1385 1714 1438 Βροῦ-

264 1464 332 1490 τον
356 1447 568 1490 ἀπέκλιναν
590 1451 656 1490 καὶ
681 1449 801 1491 αὐτὸν
826 1450 972 1491 εἵλοντο
999 1447 1185 1504 ἄρχοντα.
1233 1451 1300 1491 ἵνα
1323 1450 1367 1491 δὲ
1387 1451 1444 1504 μὴ
1468 1448 1493 1504 ἦ
1516 1451 1713 1506 μοναρχία

262 1517 446 1568 βασιλεία
469 1517 590 1572 δοκῇ,
635 1518 701 1559 καὶ
725 1515 972 1572 συνάρχοντα
1005 1517 1112 1574 αὐτῷ
1136 1518 1387 1574 ἐψηφίσαντο
1411 1518 1479 1560 τὸν
1499 1521 1571 1572 τῆς
1590 1519 1770 1559 Aen-20

263 1575 415 1640 κριτίας
451 1585 597 1638 ἐκείνης
631 1584 759 1641 ἄνδρα
791 1586 859 1628 τὸν
885 1587 1132 1627 Κολλατῖνον
1157 1583 1406 1643 Ταρκύνιον,
1449 1583 1503 1635 ὥς
1526 1586 1714 1640 ἀπεχθῶς

351 1702 395 1736 13
417 1697 583 1746 ἔπεχθεὶς
603 1702 691 1736 BW.
713 1700 830 1737 “alter
853 1715 872 1736 e
888 1701 1010 1747 Regiis
1032 1702 1212 1736 codicibus
1235 1705 1272 1736 et
1295 1702 1502 1736 Colberteus
1520 1699 1713 1747 ἐπειχθείς,

351 1747 439 1781 alter
463 1747 592 1791 Regius
615 1744 805 1793 ἐπιχθείς”
829 1749 1056 1782 ΒυοΑΝοωε.
1159 1746 1203 1782 17
1227 1745 1456 1792 τυραννήσας
1477 1748 1553 1793 AC,
1577 1759 1709 1792 τυραν-

351 1792 454 1832 νίσας
474 1793 563 1828 PW.
700 1790 890 1833 ἐνιαυτοὺς
912 1805 965 1828 om
991 1794 1035 1827 C.

395 1884 564 1918 Fomsss.
614 1884 702 1928 Cap.
727 1885 786 1921 12.
832 1883 1019 1919 Plutarchi
1049 1883 1245 1919 Publicola.
1293 1882 1420 1917 Dionis
1449 1882 1616 1918 historiae
1640 1883 1711 1916 Ro-

350 1939 476 1963 manae
499 1929 580 1962 libri
607 1930 793 1974 deperditi.

260 2030 345 2064 fletu
368 2033 404 2063 et
424 2031 582 2076 suspiriis
604 2031 776 2076 exposuit.
825 2029 948 2064 deinde
967 2029 1115 2063 subiecit
1133 2026 1224 2073 “ego
1248 2039 1337 2073 quae
1352 2039 1404 2062 me
1422 2028 1546 2062 decent
1565 2029 1709 2062 faciam:

258 2087 321 2109 vos
344 2076 374 2109 si
398 2077 466 2109 viri
490 2077 591 2119 estis,
617 2082 652 2109 et
676 2088 790 2110 necem
815 2087 919 2109 meam
944 2074 1174 2116 ulciscemini,
1200 2078 1235 2107 et
1258 2073 1484 2118 vosmetipsos
1508 2074 1545 2107 in
1568 2074 1711 2108 liberta-

257 2125 327 2155 tem
360 2121 598 2163 vindicabitis,
635 2133 675 2155 ac
698 2122 859 2167 tyrannis
882 2121 1071 2155 ostendetis
1101 2117 1219 2163 quales
1242 2120 1337 2154 viros
1361 2119 1562 2164 qualemque
1584 2123 1712 2153 matro—

259 2178 335 2200 nam
368 2164 566 2201 violarint?
611 2167 696 2202 haec
733 2169 870 2202 elocuta
902 2166 1193 2211 statimfpugioue
1227 2165 1311 2199 clam
1335 2170 1474 2210 arrepto
1499 2176 1538 2199 se
1560 2165 1636 2209 ipsa
1659 2165 1713 2198 in-

257 2216 457 2291 tere“Utilis
487 2257 540 2291 illi
562 2257 687 2292 auditis
714 2262 750 2292 et
771 2257 856 2292 visis
879 2258 1052 2302 ingentem
1077 2255 1225 2289 dolorem
1247 2258 1423 2299 ceperunt.
1469 2246 1600 2289 Brutus
1624 2266 1710 2289 vero

257 2303 371 2337 Publii
395 2303 539 2337 consilio
569 2308 606 2337 et
635 2304 738 2337 alacri
763 2315 869 2349 opera
893 2314 976 2337 usus
1000 2305 1190 2336 matronam
1211 2301 1323 2334 multis
1348 2312 1367 2333 e
1391 2300 1517 2346 populo
1541 2301 1709 2334 iacentem

257 2348 429 2391 ostendit,
455 2353 492 2381 et
515 2349 607 2394 apud
630 2354 786 2382 caeteros
813 2348 933 2383 habita
955 2348 1111 2382 contione
1135 2347 1219 2380 fecit
1242 2351 1281 2380 ut
1297 2347 1465 2380 occultum
1480 2351 1709 2390 tyrannorum

257 2395 370 2428 odium
394 2399 597 2438 erumperet,
623 2406 729 2439 seque
752 2394 984 2440 Tarquinium
1006 2405 1073 2427 non
1098 2392 1240 2437 amplius
1263 2396 1464 2436 recepturos
1488 2392 1710 2426 affirmarent.

257 2441 310 2474 his
335 2441 422 2474 actis
447 2440 576 2474 Brutus
602 2441 687 2474 urbe
712 2441 787 2474 aliis
810 2440 987 2474 commissa
1009 2439 1046 2472 in
1069 2445 1183 2472 castra
1207 2437 1402 2482 equitavit,
1439 2437 1625 2482 eademque
1647 2436 1710 2472 mi-

257 2486 373 2519 litibus
403 2497 491 2530 quae
527 2486 651 2530 populo
682 2487 870 2531 persuasit.
926 2484 1137 2528 Tarquinius
1168 2494 1207 2516 re
1239 2482 1378 2527 cognita
1409 2483 1452 2516 ad
1484 2484 1598 2516 urbem
1629 2493 1710 2527 pro-

256 2543 379 2576 perans
403 2531 604 2574 excluditur,
629 2537 664 2565 et
687 2543 761 2565 cum
787 2532 903 2566 liberis
926 2529 1141 2575 caeterisque
1164 2528 1280 2562 amicis
1303 2528 1514 2572 Tarquinios
1538 2527 1707 2572 confugit:

256 2588 332 2610 nam
359 2578 432 2610 sola
455 2577 572 2611 Tullia
595 2577 662 2611 sibi
686 2577 762 2622 ipsa
786 2589 906 2612 manus
932 2575 1092 2610 attulisse
1115 2575 1241 2608 fertur.

391 2623 450 2655 Sic
474 2623 684 2667 Tarquinius
707 2634 813 2667 regno
838 2623 956 2668 pulsus
979 2625 1044 2665 est,
1068 2620 1160 2665 quod
1182 2631 1246 2665 per
1268 2630 1375 2653 anuos
1398 2617 1442 2652 25
1459 2619 1631 2653 violenter
1646 2617 1705 2650 ad-

256 2666 487 2701 ministrarat:
514 2669 591 2712 (12)
619 2669 758 2702 Romani
783 2680 865 2702 vero
892 2670 1047 2709 Brutum,
1069 2665 1242 2700 inclinatis
1264 2665 1300 2698 in
1325 2676 1399 2698 eum
1424 2664 1569 2707 studiis,
1599 2662 1706 2706 magi-

255 2717 398 2747 stratum
436 2713 625 2758 elegerunt.
674 2726 791 2748 verum
821 2726 863 2748 ne
897 2712 1092 2748 monarchia
1115 2711 1214 2756 regia
1237 2711 1380 2744 reducta
1403 2709 1598 2751 videretur,
1631 2707 1704 2741 Lu-

257 2760 386 2796 cretiae
419 2760 575 2794 maritum
605 2759 830 2805 Tarquinium
855 2759 1061 2794 Collatinum
1092 2757 1123 2791 ei
1157 2756 1323 2800 collegam
1355 2755 1541 2797 dederunt,
1575 2753 1635 2798 qui
1659 2754 1702 2787 ob
