1820 3120
220 608 250 642 B

101 1301 248 1341 W180

270 82 371 128 200
455 74 457 80 '
765 82 991 126 IOANms
1018 83 1277 127 ΖοΝΑΒΛΕ

270 196 331 238 διὸ
363 197 429 237 καὶ
462 195 591 237 αι’τίαν
621 193 732 249 ἴσχεν
765 193 820 246 ὥς
850 199 962 238 νικᾶν
992 196 1063 250 μὲν
1094 193 1313 250 δυνάμενος
1325 227 1339 248 ,
1369 201 1552 254 χρῆσθαι
1577 197 1623 241 δὲ
1642 203 1730 248 ταῒς

267 264 393 311 νίκαις
427 260 505 305 οὐκ
532 262 802 318 ἐπιστάμενος.
870 265 951 306 ἐπεὶ
983 265 1027 306 δὲ
1058 261 1145 306 τότε
1175 264 1428 318 ἠμέλλησαν,
1471 266 1601 310 οὐκέτι
1633 266 1726 309 οὔδ’

270 325 393 379 αὖθις
427 331 691 386 ἠπείχθησαν.
761 331 822 373 διὸ
854 334 920 374 καὶ
954 329 1175 384 ὃἈννίβας
1198 330 1253 382 ὡς
1271 329 1462 390 ἁμαρτὼν
1483 334 1728 388 μετεμέλετο,
1787 372 1790 385 ‚

271 403 444 452 συνεχῶς
467 399 651 452 ἀναβοῶν
667 394 732 442 “ui
757 398 913 441 Κάνναι
937 398 1129 441 Κάνναι.”
1579 437 1582 444 ,

404 467 445 508 2.
518 467 570 509 Οἳ
602 468 644 510 δὲ
668 467 717 522 δὴ
736 465 934 521 ιΡωμαῖοι
965 467 1209 523 παραβραχὺ
1235 465 1562 518 κινδυνεύσαντες·
1582 467 1762 515 citou-5

271 537 395 584 σθαι,
443 533 787 591 ἀντεπεκράτησαν
820 535 888 577 διὰ
919 539 992 577 τοῦ
1021 537 1260 585 Σκιπίωνος·
1296 534 1342 586 ὃς
1370 535 1458 586 υἱὸς
1486 536 1564 590 μὲν,
1588 530 1638 591 ἦν
1659 541 1733 580 τοῦ

272 603 483 644 Πουπλίου
515 608 588 646 τοῦ
619 605 660 645 ἐν
682 608 731 659 τῇ
751 603 906 661 Ἰβηρίᾳ
918 635 931 654 ,
975 605 1042 644 καὶ
1065 603 1134 646 τὸν
1157 603 1308 659 πατέρα
1333 602 1396 647 ὅτε
1419 601 1579 660 ἐτρώθη
1602 605 1734 660 ,περιέ-

273 685 391 720 σωσε,
426 669 514 713 τότε
539 672 582 712 δὲ
605 669 917 724 στρατευόμενος
941 673 996 720 εἰς
1017 671 1062 713 τὸ
1086 669 1289 714 Κανύσιον
1312 671 1446 729 ἔφυγε,
1478 673 1546 714 καὶ
1567 669 1734 727 ὕστερον

272 737 518 792 εὐδοκίμησε.
587 738 691 793 παρ’
717 736 886 780 ἑκόντων
915 739 992 794 γὰρ
1025 743 1105 781 τῶν
1136 738 1426 796 συμφυγόντων
1449 742 1504 790 εἰς
1525 738 1571 782 τὸ
1593 738 1734 782 Κανύ-

270 821 357 847 σιον
388 805 460 859 τὴν
494 804 705 861 ἡγεμονίαν
738 807 876 858 λαβὼν
905 806 955 848 τά
979 824 1020 849 τε
1044 808 1128 850 ἐκεῖ
1144 807 1414 862 κατεστήσατο
1438 809 1503 850 καὶ
1526 813 1608 858 τοῖς
1629 812 1731 862 πλη·
1742 812 1788 847 10

271 872 482 928 σιοχώροις
515 874 699 930 φρουρὰς
732 873 884 928 ἔπεμψε
920 876 987 916 καὶ
1019 874 1151 918 πάντα
1183 879 1316 926 καλῶς
1350 874 1562 930 ἐβούλευσέ
1590 892 1633 919 τε
1666 878 1732 918 καὶ

272 939 450 996 ἔπραξεν.
1375 994 1377 1001 y

409 1008 460 1050 Oi
496 1007 539 1049 δ’
572 1008 614 1050 ἐν
643 1013 694 1064 τῇ
719 1007 861 1065 Ῥώμῃ
892 1009 964 1062 τὴν
995 1004 1118 1064 ἧτταν
1143 1011 1217 1064 μέν
1249 1009 1448 1063 ἤκουσαν,
1483 1009 1531 1052 οὗ
1562 1010 1644 1065 μὴν
1665 1013 1734 1052 καὶ

271 1075 485 1118 ἐπίστευον.
553 1075 834 1127 πιστεύσαντες
866 1077 907 1118 δ’
934 1078 1129 1120 ἐπένθουν
1160 1080 1224 1120 καὶ
1249 1076 1449 1128 συνιόντες
1472 1080 1528 1128 εἷς
1547 1077 1593 1120 τὸ
1616 1079 1733 1120 συνέ-

270 1145 383 1199 δριον
413 1142 471 1198 μή
505 1161 543 1185 τι
574 1142 818 1201 πράσσοντες
850 1144 1167 1200 ἀπηλλάσσοντο.
1233 1145 1313 1200 ὀψὲ
1344 1146 1385 1188 δ’
1414 1140 1484 1188 οὖν
1517 1143 1538 1188 ὅ
1575 1144 1786 1200 Φάβιος15

271 1211 430 1266 γνώμην
453 1212 592 1263 ἔδωκε,
623 1211 901 1263 κατασκόπους
924 1214 1081 1268 πέμψαι
1105 1214 1199 1263 τοὺς
1221 1214 1483 1270 ἄγγελοῧντας
1502 1213 1549 1256 τὸ
1574 1214 1733 1270 γεγονὸς

272 1281 338 1321 καὶ
363 1282 403 1321 τί
423 1278 443 1321 ὃ
461 1280 642 1333 Ἀννίβας
664 1279 840 1336 πράττει,
876 1281 1022 1331 αὐτοὺς
1043 1283 1087 1324 δὲ
1107 1283 1164 1336 μὴ
1188 1284 1348 1334 κλαίειν,
1373 1286 1465 1338 σιγῇ
1487 1283 1531 1324 δὲ
1541 1283 1731 1335 βαδίζειν,

268 1348 327 1389 ‘lv'
354 1349 394 1390 ἐν
417 1352 543 1405 καιρῷ
565 1348 616 1390 τὰ
638 1347 890 1404 προσήκοντα
912 1351 1071 1404 γίνοιτο,
1096 1349 1264 1403 δύναμίν
1287 1367 1328 1393 τε
1353 1350 1538 1400 συλλέξαι
1561 1348 1658 1405 ὅσην
1681 1350 1731 1392 ἂν

271 1413 453 1458 δύναιντο
487 1417 553 1457 καὶ
583 1415 676 1465 τοὺς
697 1418 920 1472 περιοίκους
941 1418 1268 1460 ἐπικαλέσασθαι.
1334 1418 1437 1472 μετὰ
1459 1418 1504 1460 δὲ
1525 1423 1652 1460 ταῦτα
1677 1416 1732 1468 ὧς

268 1483 339 1524 τὸν
367 1484 547 1537 Ἀννίβαν
580 1485 621 1525 ἐν
655 1489 706 1540 τῇ
732 1485 923 1543 Ἀπουλίᾳ
946 1484 1044 1528 εἶναι
1067 1486 1246 1540 ἔμαθον,
1286 1488 1351 1528 καὶ
1374 1484 1594 1543 γράμματα
1617 1486 1787 1543 uaedam)

268 1555 342 1593 τοῦ
371 1553 580 1608 Τερεντίου
606 1552 788 1602 ἐδέξαντο
812 1551 873 1595 ὅτι
896 1555 1042 1609 περιείη
1066 1556 1132 1596 καὶ
1158 1553 1234 1597 ὅσα
1257 1553 1438 1610 πράττοι,
1471 1553 1615 1610 μικρὸν
1638 1555 1730 1598 ἄνε-

357 1669 378 1703 1
405 1665 550 1713 ἔσχηκεν
566 1669 610 1703 Α.
749 1670 771 1703 2
793 1665 970 1714 ἐμέλησαν
992 1671 1035 1705 A.
1152 1669 1173 1706 7
1196 1671 1355 1705 ποπλίου
1377 1670 1420 1706 C.
1554 1671 1600 1705 14
1622 1667 1664 1704 δὲ
1687 1671 1731 1707 Β.

359 1711 651 1794 &razzi-tremes
671 1713 950 1760 ἀπηλλάττοντο
973 1716 1015 1751 Β.
1151 1712 1222 1760 ὀψὲ
1243 1717 1333 1761 γοῦν
1353 1717 1394 1753 Α.
1540 1717 1589 1752 20
1610 1712 1730 1761 εἶναι]

401 1851 570 1884 [vomas.
629 1851 716 1896 Cap.
748 1852 784 1886 2.
843 1851 967 1885 Dionis
997 1851 1178 1886 Historiae
1210 1851 1393 1886 Romanae
1424 1851 1505 1887 libri
1534 1852 1708 1898 deperditi
1715 1865 1727 1886 .·
1756 1867 1758 1869 ’

362 1901 528 1940 excerpta
557 1897 778 1931 Peiresciana
802 1897 849 1931 50
872 1897 928 1931 54.

267 1995 299 2028 ei
322 1995 438 2030 datum
462 1999 517 2031 est
539 1998 631 2042 quod
655 1997 797 2032 vincere
818 1997 930 2043 possit
955 1999 1018 2033 sed
1040 1999 1094 2032 uti
1115 1996 1267 2032 victoria
1281 1998 1425 2032 nesciat.
1470 2009 1542 2032 rem
1557 2008 1641 2032 sane
1655 2001 1728 2032 tum

266 2041 457 2085 neglectam
482 2047 601 2087 postea
624 2054 795 2089 nunquam
818 2044 990 2078 resarcire
1011 2047 1212 2089 potuerunt.
1259 2047 1295 2077 et
1317 2043 1543 2077 Hannibalem
1565 2044 1731 2078 cessatio-

266 2087 320 2120 nis
341 2087 394 2121 ita
417 2088 603 2132 paenituit,
628 2094 665 2122 ut
688 2089 907 2123 continenter
929 2089 1135 2124 exclamaret
1152 2086 1199 2123 “o
1224 2089 1386 2133 Cannae,
1419 2084 1592 2124 cannae?

402 2133 434 2169 2.
481 2134 627 2168 Romani
652 2139 787 2178 autem,
812 2135 947 2169 excidio
969 2135 1133 2180 proximi,
1168 2135 1350 2169 victoriam
1374 2146 1436 2179 per
1457 2134 1647 2178 Scipionem
1671 2146 1729 2169 re·

264 2187 307 2210 cu
334 2183 475 2212 erarunt
498 2180 538 2213 P.
562 2180 737 2225 Scipionis
771 2181 808 2214 in
833 2181 1001 2225 Hispania
1035 2181 1156 2215 bellum
1181 2181 1333 2225 gerentis
1355 2181 1478 2223 filium,
1513 2180 1573 2225 qui
1596 2187 1729 2225 patrem

262 2190 476 2257 vulneratum
500 2224 716 2261 defenderat.
763 2230 834 2260 tum
858 2238 941 2260 vero
966 2226 1059 2260 miles
1085 2227 1268 2260 Canusium
1291 2225 1394 2270 fugit,
1419 2227 1634 2271 adeptusque
1652 2226 1727 2271 glo-

264 2268 359 2312 riam,
386 2270 430 2303 ab
454 2270 497 2303 iis
521 2271 580 2315 qui
605 2272 722 2306 eodem
745 2284 784 2306 se
806 2278 1012 2317 receperant
1034 2272 1211 2316 imperium
1234 2271 1324 2305 ultro
1347 2271 1494 2308 delatum
1519 2272 1666 2316 accepit,
1691 2276 1727 2305 et

262 2315 366 2348 rebus
389 2315 437 2348 ibi
461 2318 659 2351 constitutis
684 2318 856 2363 praesidia
878 2318 973 2352 misit
994 2318 1166 2362 finitimis,
1190 2317 1227 2351 in
1251 2318 1356 2351 rebus
1380 2324 1416 2351 et
1438 2317 1669 2351 deliberandis
1692 2323 1728 2351 et

262 2361 424 2403 gerendis
449 2361 582 2396 dexter.

398 2406 470 2447 Qui
491 2408 623 2441 Romae
656 2411 755 2442 erant
787 2408 918 2444 cladem
949 2409 1156 2443 audiverunt
1187 2407 1248 2442 sed
1279 2419 1348 2441 non
1382 2407 1619 2440 credideruntz
1650 2418 1724 2441 cum

263 2451 508 2496 credidissent,
538 2454 719 2495 luxerunt3
759 2458 796 2488 et
819 2455 855 2488 in
879 2456 975 2489 curia
997 2453 1175 2499 congressi
1204 2455 1307 2487 rebus
1331 2453 1473 2486 infectis
1495 2452 1726 2486 recedebant:

262 2495 372 2530 donec
395 2499 531 2533 tandem
554 2499 686 2534 Fabius
708 2499 815 2544 dixit,
847 2501 1082 2546 exploratores
1106 2511 1183 2533 esse
1210 2499 1395 2533 mittendos
1428 2498 1488 2543 qui
1511 2502 1546 2532 et
1569 2509 1640 2532 rem
1662 2509 1726 2542 ge-

263 2546 350 2575 stam
377 2547 413 2577 et
438 2544 517 2588 quid
542 2550 661 2590 ageret
685 2546 858 2580 Hannibal
881 2547 1092 2589 nuntiarent,
1115 2545 1202 2590 ipsis
1225 2556 1309 2578 vero
1332 2556 1399 2578 non
1421 2543 1622 2588 plorandum
1646 2555 1724 2577 esse

261 2587 323 2619 sed
357 2589 566 2632 pedetentim
595 2592 847 2636 procedendum
879 2598 917 2626 ut
949 2603 990 2626 ea
1025 2602 1113 2636 quae
1143 2592 1236 2624 facto
1271 2595 1388 2623 essent
1410 2601 1496 2634 opus
1519 2589 1725 2633 tempestive

261 2639 477 2679 gererentur,
501 2640 539 2669 et
563 2636 681 2683 copias
702 2642 852 2682 quantae
877 2638 1010 2683 possint
1031 2636 1195 2671 maximae
1220 2635 1486 2670 conscribendas
1501 2646 1577 2669 esse
1593 2639 1632 2668 et
1645 2634 1725 2668 fini-

260 2677 418 2713 timorum
450 2693 549 2726 opem
581 2682 837 2728 implorandam.
887 2683 1051 2728 posthaec
1081 2693 1154 2716 cum
1178 2681 1402 2715 Hannibalem
1432 2680 1469 2714 in
1492 2680 1615 2726 Apulia
1647 2690 1723 2713 esse

260 2725 521 2769 cognovissent,
556 2732 594 2761 et
617 2740 638 2761 a
661 2728 829 2763 Terentio
852 2728 986 2763 litteras
1010 2728 1226 2773 accepissent
1257 2728 1300 2760 de
1329 2726 1440 2761 salute
1471 2731 1508 2760 et
1530 2727 1616 2770 actis
1640 2725 1724 2769 «siun,
