1820 3120
283 74 383 121 334
744 71 974 116 IOANNIS
1009 71 1270 116 ZONARAE

276 185 429 244 χειρός.
498 184 653 240 οἰκέτης
683 183 731 227 δέ
758 201 821 235 τις
852 182 1063 241 ἀλλότριος
1088 185 1262 239 ἐντυχεῖν
1286 184 1396 242 αὐτῷ
1416 183 1758 243 προθυμούμενος

282 253 441 298 ἀπιόντι
473 254 532 309 μὴ
563 254 754 308 δυνηθεὶς
777 253 1008 310 παρέδωκεν
1030 251 1175 295 ἑαυτὸν
1197 257 1249 310 τῇ
1270 257 1342 295 τοῦ
1367 254 1578 311 Καίσαρος
1596 257 1756 311 γυναικὶ

281 321 510 380 φυλάττειν,
546 322 668 377 εἲπών
694 320 796 375 ἔχειν
825 318 984 377 μεγάλα
1016 318 1238 377 πράγματα
1268 320 1466 363 ἐπανιόντι
1497 327 1756 380 “army-snm

278 395 339 448 τῷ
362 391 556 449 Καίσαρι.
613 389 813 447 σοφιστὴς
836 389 883 431 δέ
902 406 964 438 τις
979 388 1273 446 Ἀρτεμίδωρος
1299 390 1466 440 Κνίδιος
1485 390 1645 444 βιβλίον
1666 393 1757 447 περὶ

278 463 352 514 τῆς
374 459 621 514 συνομοσίας
642 455 810 514 γράψας
833 458 898 499 καὶ
922 457 1080 512 ἐγγίσας
1103 457 1216 515 αὐτῷ
1242 455 1422 500 “votivo''
1452 455 1532 514 ἔφη
1556 454 1790 516 “Καῒσαρ5

279 525 405 581 μόνος
427 529 495 569 καὶ
519 526 671 582 ταχέως
695 524 925 581 ἀνάγνωθι·
960 523 1118 580 μεγάλα
1147 524 1225 582 γάρ
1260 541 1324 569 σοι
1348 528 1675 586 καταγγελεῖ-καί
1691 543 1758 571 σοι

231 602 262 636 C
286 595 577 652 διαφέροντα.”
622 594 672 641 ,ὃ
707 592 921 647 δεξάμενος
954 594 1100 643 ἐκεῖνος
1133 592 1296 651 ὥρμησε
1319 595 1394 648 μ’ἓν
1417 593 1666 650 ἀναγνῶναι,
1697 595 1757 650 μὴ

279 664 417 718 μέντοι
453 664 643 718 δυνηθεὶς
671 659 750 704 ὕπὸ
784 666 865 704 τῶν
897 659 1229 716 ἐντυγχανόντων,
1264 669 1419 716 κατεῖχε
1450 666 1502 719 τῇ
1526 663 1656 720 χειρί,
1690 665 1758 706 καὶ

280 736 496 788 παρῆλθεν
518 730 624 774 οὕτω
648 729 750 787 πρὸς
771 729 845 784 τὴν
867 727 1103 785 σύγκλητον.
1174 728 1200 785 ἦ
1225 731 1269 773 δὲ
1289 729 1548 785 ὑπεξανέστη.
1610 734 1692 774 τῶν
1714 731 1759 774 δὲ

280 802 369 856 περὶ
396 802 581 856 Βροῦτον
605 799 643 841 οἳ
665 799 739 853 μὲν
763 796 976 848 ἐξόπισθεν
999 802 1073 841 τοῦ
1096 799 1243 855 δίφρου
1269 799 1394 843 αὐτοῦ
1418 798 1695 854 περιέστησαν,
1717 799 1757 842 οἶ
1768 815 1814 851 10

281 869 325 910 δὲ
347 866 582 923 ἀπήντησαν
606 864 660 917 ὥς
683 868 776 923 περί
795 883 902 917 τινος
925 863 1108 924 φυγάδος
1131 865 1326 922 δεόμενοι.
1394 867 1465 910 τὸν
1488 867 1534 910 δὲ
1548 865 1759 911 Ἀντώνιον

278 936 421 979 πιστὸν
457 935 554 979 ὄντα
586 936 768 992 Καίσαρι
801 927 869 977 καὶ
903 934 1113 992 ῥωμαλέον
1149 934 1231 986 ἔξω
1267 941 1536 992 παρακατεῖχε
1573 937 1759 993 Βροῦτος

274 1005 468 1059 Ἀλβῖνος.
523 1002 579 1054 ὡς
602 1004 645 1046 δὲ
667 1004 847 1054 καθίσας
870 1001 890 1046 ὃ
915 1005 1081 1060 Καῖσαρ
1106 1001 1332 1060 διεκρούετο
1355 1004 1430 1054 τὰς
1453 1003 1628 1060 δεήσεις,
1647 1005 1757 1062 ’ξίφει

278 1073 393 1130 παρὰ
416 1077 488 1116 τοῦ
513 1070 664 1115 Κάσκα
686 1070 849 1129 πρώτου
874 1069 1087 1127 πλήττεται
1111 1071 1181 1115 τὸν
1204 1072 1376 1156 αυχένα,
1411 1072 1569 1128 πληγὴν
1599 1072 1648 1115 ου
1671 1076 1757 1115 θα-

278 1140 524 1199 νατηφόρον.
595 1140 651 1191 ὥς
686 1141 730 1183 δὲ
763 1142 831 1183 και
866 1144 947 1183 τῶν
979 1144 1226 1195 συνωμοτῶν
1257 1141 1425 1191 ε’καστος
1453 1140 1500 1184 τὸ
1525 1141 1642 1199 ξίφος
1663 1138 1754 1197 ἐγυ-
1770 1141 1820 1210 151

227 1219 259 1254 D
282 1227 416 1266 μνωσε
426 1242 439 1262 ,
474 1210 628 1266 λέγεται
643 1209 755 1292 πρὸς
776 1227 850 1263 μεν
873 1208 968 1259 τους
989 1209 1155 1260 λοιποὺς
1177 1208 1467 1264 ἀπομαχεσθαι
1489 1207 1760 1263 ἕνειλούμενος
1819 1221 1820 1234 ³

279 1280 347 1322 καὶ
378 1277 603 1336 κεκραγώς,
640 1276 706 1320 ὅτε
741 1278 785 1320 δὲ
816 1279 883 1319 καὶ
915 1280 1101 1333 Βροῦτον
1131 1276 1234 1320 ειδεν
1265 1278 1516 1332 ἐσπασμένον
1544 1278 1591 1321 τὸ
1626 1278 1757 1335 ξίφος,

279 1345 587 1433 ἐφελκύσασθαι
611 1345 714 1389 κατὰ
738 1350 810 1401 τῆς
831 1350 1012 1402 κεφαλῆς
1028 1346 1110 1388 τὸ(
1095 1344 1255 1399 ιμάτιον
1271 1347 1414 1402 μηκέτι
1433 1344 1757 1401 ἀπομαχόμενος.

75 1423 259 1460 W11133
281 1415 405 1458 εἰκοσι
434 1416 570 1470 μέντοι
602 1416 669 1457 καὶ
701 1415 794 1471 τρία
826 1414 966 1468 λαβὼν
987 1412 1226 1470 τραύματα,
1261 1413 1500 1473 ἀνδριάντος
1529 1413 1645 1465 ὄντος
1678 1414 1764 1457 ἐκεῖ

278 1487 526 1539 Πομπηΐου,
581 1484 672 1540 περὶ
707 1483 781 1538 τὴν
817 1481 939 1536 βάσιν
978 1481 1127 1539 ευρέθη
1165 1484 1344 1536 κείμενος
1383 1487 1451 1526 καὶ
1491 1480 1812 1537 καθαιμάξαςΞο

280 1550 417 1605 αὐτόν,
452 1551 507 1603 ὥς
538 1554 669 1595 δοκεῖν
701 1550 825 1594 αὐτὸν
855 1549 1071 1609 ἐφεστάναι
1103 1555 1160 1611 τῶ
1185 1549 1298 1610 φόνω
1321 1556 1395 1595 τοῦ
1416 1552 1608 1607 πολεμίου
1630 1553 1756 1606 Πομ-

279 1619 409 1677 πήῖον.

372 1773 396 1809 3
419 1768 570 1816 μεγάλα]
597 1767 699 1815 μάλα
721 1770 764 1808 Β.
904 1781 1022 1814 καταγ
1024 1769 1140 1815 γεῖλαι
1162 1769 1277 1815 ABG,
1310 1766 1533 1815 ἀπαγγεῖλαι
1553 1770 1757 1806 PW.P1u-

372 1818 513 1853 tarchus
537 1818 737 1850 κατειπεῖν.
848 1815 872 1849 4
894 1816 1049 1857 Κνίδιος
1070 1828 1124 1851 om
1147 1816 1191 1852 A.
1271 1816 1480 1871 βιβλίδιον
1502 1816 1546 1851 Α.
1649 1816 1672 1851 5
1695 1811 1753 1862 ἔγ-

373 1862 521 1908 γροέψας
542 1863 585 1898 Α.
724 1861 770 1897 13
792 1857 961 1907 α’λβίνιος
981 1862 1024 1900 Α.
1165 1863 1210 1898 21
1234 1862 1288 1910 τῷ
1309 1859 1415 1909 φόνῳ
1441 1874 1495 1897 om
1519 1861 1563 1902 C,

278 2004 419 2035 euntem
443 2008 567 2033 servus
592 1996 726 2031 alienus
753 1997 828 2031 eius
852 1997 1051 2043 alloquendi
1075 1997 1221 2043 cupidus
1245 2009 1320 2032 cum
1337 1997 1522 2033 convenire
1537 2008 1607 2032 non
1622 2001 1754 2044 posset,

278 2058 318 2081 se
341 2045 443 2080 uxori
466 2045 541 2079 eius
565 2043 824 2077 custodiendum
846 2044 1016 2087 tradidit,
1050 2044 1142 2089 quod
1174 2055 1325 2098 magnas
1347 2055 1405 2078 rea
1438 2044 1587 2078 haberet
1607 2055 1754 2078 reverso

277 2091 423 2126 Caesari
448 2089 671 2125 nuntiandas.
721 2089 962 2123 Artemidorus
996 2070 1078 2124 i'tem
1112 2090 1232 2124 rhetor
1256 2089 1406 2124 Gnidius
1430 2089 1582 2124 libellum
1605 2089 1649 2123 de
1672 2100 1754 2125 con-

275 2138 455 2172 iuratione
478 2147 499 2170 a
522 2146 562 2170 se
585 2135 752 2189 scriptum
777 2135 810 2168 ei
834 2135 1005 2180 porrexit,
1031 2141 1068 2170 et
1087 2131 1233 2169 ‘hunc”
1255 2135 1380 2180 iuquit,
1402 2132 1575 2178 “Caesar,
1601 2135 1694 2170 solus
1717 2139 1754 2169 et

276 2183 437 2218 celeriter
455 2181 586 2226 legito.
610 2193 668 2214 res
693 2180 782 2214 enim
804 2192 945 2225 magnas
970 2181 1038 2215 tibi
1063 2181 1264 2225 declarabit,
1291 2191 1450 2226 quaeque
1465 2185 1528 2215 tua
1541 2176 1753 2216 intersunt?

275 2230 428 2263 libellum
452 2231 634 2272 acceptum
660 2226 792 2260 Caesar
814 2227 979 2271 le'cturus,
1006 2238 1081 2261 cum
1102 2239 1123 2261 a
1138 2227 1369 2261 salutantibus
1382 2227 1626 2282 impediretur,
1650 2237 1752 2261 manu

276 2275 402 2319 tenuit,
426 2275 548 2318 itaque
571 2273 607 2306 in
631 2277 789 2307 senatum
816 2273 927 2307 venit.
975 2273 1034 2316 qui
1060 2284 1134 2307 cum
1160 2273 1192 2306 ei
1215 2273 1478 2317 assurrexisset,
1503 2273 1606 2307 Bruti
1630 2271 1752 2306 coniu-

275 2321 347 2356 rati
371 2301 494 2366 partim
519 2330 540 2353 a
565 2323 664 2363 tergo
688 2318 804 2352 sellam
829 2319 904 2352 eius
929 2317 1246 2363 circumsteterunt,
1270 2318 1399 2362 partim
1423 2318 1469 2353 ad
1491 2329 1568 2353 eum
1591 2328 1751 2353 accesse-

275 2371 360 2401 runt
393 2372 556 2410 tanquam
587 2364 696 2398 eXsuli
731 2364 866 2398 cuidam
895 2364 1030 2398 veniam
1062 2364 1218 2409 petituri.
1265 2364 1454 2398 Antonium
1485 2375 1572 2399 vero
1606 2363 1752 2399 Caesari

275 2413 415 2447 fidelem
439 2417 476 2446 et
500 2411 682 2445 robustum
705 2410 835 2444 Brutus
858 2410 1003 2444 Albinus
1035 2410 1123 2444 foris
1154 2409 1280 2444 tenuit.
1327 2410 1387 2444 ubi
1422 2409 1583 2445 consedit
1604 2410 1752 2454 Caesar,

277 2463 315 2492 et
338 2456 608 2492 intercessiones
631 2456 766 2500 reiecit,
793 2455 924 2501 primus
941 2455 1055 2490 Casca
1071 2455 1224 2510 iugulum
1249 2455 1280 2490 ei
1305 2456 1388 2490 ferit
1408 2456 1480 2490 ictu
1504 2467 1573 2490 non
1596 2455 1752 2490 letifero.

275 2510 316 2538 ut
341 2508 456 2538 autem
484 2513 600 2537 omnes
623 2502 797 2536 coniurati
821 2502 992 2547 pugiones
1016 2501 1251 2546 strinxerunt,
1287 2506 1408 2536 contra
1441 2506 1599 2536 caeteros
1628 2513 1668 2536 se
1690 2501 1753 2535 de-

276 2550 433 2584 fendisse
455 2550 570 2584 fertur
592 2552 694 2583 veste
719 2548 905 2582 convoluta
935 2553 972 2582 et
994 2547 1212 2591 vociferans,
1246 2547 1310 2581 sed
1345 2556 1421 2581 cum
1452 2559 1474 2581 a
1503 2547 1614 2582 Bruto
1645 2546 1750 2581 etiam

277 2596 402 2630 stricto
427 2607 511 2629 ense
534 2594 609 2649 peti
633 2605 672 2629 se
695 2594 858 2637 vidisset,
881 2598 965 2638 toga
989 2593 1105 2637 capite
1128 2594 1295 2627 obvoluto
1316 2605 1385 2627 non
1402 2592 1546 2638 amplius
1560 2592 1748 2629 restitisse.

276 2641 328 2675 ita
352 2641 465 2675 tribus
489 2644 526 2674 et
549 2640 676 2685 viginti
697 2640 900 2674 vulneribus
925 2639 1101 2678 confossus
1124 2639 1168 2673 ad
1192 2639 1300 2673 basim
1325 2643 1470 2694 statuae
1485 2638 1642 2694 Pompeii
1664 2650 1748 2673 con-

276 2686 383 2729 cidit,
420 2697 564 2732 eamque
598 2686 820 2728 cruentavit,
854 2689 895 2719 ut
928 2685 1005 2731 ipse
1029 2685 1213 2731 Pompeius
1247 2685 1347 2720 caedi
1377 2683 1506 2719 inimici
1529 2685 1670 2720 adstare
1693 2685 1749 2719 vi-

276 2733 433 2768 deretur.
