1820 3120
264 86 363 131 264
561 69 564 72 ’
739 81 968 127 IOANNIS
998 82 1260 126 zemma

260 200 427 255 χρυσίον
462 197 662 254 ἐλέφαντα
690 195 796 239 ἄλλα
828 213 870 239 τε
894 196 1024 238 πολλὰ
1049 197 1115 239 καὶ
1134 199 1337 252 πολυτελῆ
1360 192 1461 255 εὗρε.
1529 201 1598 246 καὶ
1620 196 1643 245 ’ὅ
1665 199 1740 254 μὲν

260 267 481 320 Ἀντίοχος
502 264 696 320 ἡττηθεὶς
717 264 863 308 αὐτίκα
886 265 927 314 ἐς
949 263 1025 319 τὴν
1046 265 1201 320 Συρίαν
1222 255 1488 324 ἀνεχώρησεν,
1520 267 1562 311 οἶ
1578 267 1623 311 δ’
1641 266 1738 310 Ἓλ-

207 348 239 380 D
265 340 380 390 ληνες
403 334 441 376 οἳ
465 335 506 376 ἓν
528 338 579 391 τῇ
595 334 728 393 Ἀσία
751 341 834 383 τοῖς
852 332 1074 386 εΡωμαίοις
1097 332 1358 390 προσέθεντο.
1552 351 1554 356 ·

399 402 524 445 Μετὰ
556 402 600 444 δὲ
629 407 759 446 ταῦτα
793 399 984 455 ἀνακωχή
1017 418 1078 451 τις
1109 401 1526 457 ἐπικηρυκευσαμένων
1546 406 1621 447 τοῦ
1645 402 1738 450 ,Ἀν-

260 470 398 525 τιόχου
422 472 632 525 ε’σπείσθη.
704 469 725 514 ὅ
750 487 791 513 τε
824 469 902 527 γὰρ
930 469 1174 527 Ἀφρικανὸς
1196 469 1383 520 εὐνοϊκῶς
1405 469 1444 513 οἳ
1466 469 1538 513 διὰ
1559 469 1630 518 ἐὰν
1649 472 1771 516 υἷὸνό

262 538 363 593 εἶχε,
408 542 475 581 καὶ
499 538 521 582 ὅ
545 537 699 589 ὕπατος
723 538 796 580 οὔκ
819 537 944 592 ἤθελε
967 538 1041 592 τὴν
1064 538 1177 592 νίκην
1199 542 1257 596 τῷ
1281 536 1460 598 διαδόχῳ
1482 537 1740 598 πλησιάζοντι

261 608 602 651 καταλελοιπέναι.
673 606 818 649 οὔκουν
851 606 946 648 οὐδὲ
975 606 1170 657 ἐπέταξαν
1192 611 1250 664 τῷ
1267 604 1458 664 Ἀντιόχῳ
1481 607 1601 654 πλέον
1623 609 1740 658 οὐδὲν

259 676 287 731 ἢ
313 676 391 718 ὅσα
414 678 481 718 καὶ
507 676 585 733 πρὸ
610 679 683 730 τῆς
704 673 840 730 μάχης
863 674 1001 732 ᾔτουν.
1055 674 1119 718 διὸ
1143 676 1211 718 καὶ
1234 677 1383 726 Γναῖος
1403 673 1600 727 Μάλλιος
1621 674 1644 719 ὅ
1666 677 1740 732 τὴν

259 745 390 801 ἀρχὴν
413 749 529 801 σφῶν
556 743 843 798 διαδεξάμενος
875 743 948 786 οὐκ
979 743 1164 800 ἠρκέσθη
1196 750 1280 794 τοῖς
1311 744 1600 800 συγκειμένοις,
1634 744 1739 792 ἀλλὰ

258 814 380 855 πλείω
416 812 540 855 αὐτὸν
572 811 777 869 ἄπῇτησε,
825 811 928 868 πρὸς
963 813 1007 855 δὲ
1043 814 1111 854 καὶ
1147 809 1327 869 ὁμήρους
1362 814 1504 855 δοῦναι
1536 814 1797 861 ἓκέλευσενΙθ

260 880 410 931 ἄλλους
442 898 484 923 τε
517 882 585 923 καὶ
616 881 687 923 τὸν
720 880 809 923 υἱὸν
840 881 1055 934 Ἀντίοχον,
1102 878 1169 923 καὶ
1192 880 1288 931 τοὺς
1309 879 1564 938 αὐτομόλους
1585 879 1741 934 πάντας

259 951 467 1001 ἐκδοῦναι,
503 950 544 992 ἓν
576 946 734 999 οἷςκαὶ
768 946 789 991 ὅ
820 948 1004 1004 Ἀννίβας
1025 943 1089 1002 ἦν.
1157 947 1273 991 καὶ-ὃ
1298 948 1500 1004 Ἀντίοχος
1528 951 1598 993 καὶ
1629 949 1740 999 ἄκων

258 1018 361 1074 πρὸς
385 1017 544 1061 ἅπαντα
568 1016 877 1074 ἔπειθάρχησεν.
938 1017 984 1068 οὐ
1007 1016 1144 1070 μέντοι
1167 1018 1233 1059 καὶ
1257 1015 1328 1060 τὸν
1343 1017 1530 1072 Ἀννίβαν
1552 1019 1740 1067 ἐκδοῦναι

257 1085 470 1141 ἠδυνήθη·
514 1085 617 1144 πρὸς
640 1085 719 1143 γὰρ
742 1085 959 1142 Προυσίαν
993 1084 1063 1127 τὸν
1096 1086 1270 1138 βασιλέα
1299 1089 1381 1128 τῶν
1403 1088 1600 1130 Βιθυνῶν
1636 1105 1740 1145 προ-

88 1159 117 1192 Ρ
133 1160 151 1194 I
167 1158 237 1197 454
260 1156 472 1212 κατέφυγε.
542 1156 610 1197 καὶ
634 1152 654 1196 ὃ
678 1155 752 1208 μὲν
770 1153 972 1207 Ἀντίοχος
993 1154 1181 1210 πρέσβεις
1203 1155 1267 1197 ἐπὶ
1289 1153 1447 1205 τούτοις
1470 1157 1527 1206 εἲς
1547 1155 1622 1210 τὴν
1637 1154 1738 1199 Ῥώ-
1749 1162 1794 1200 15

255 1242 338 1278 μην
362 1225 530 1278 πέμψας
552 1224 777 1273 ἐσπείσατο,
809 1223 987 1265 Σκιπίων
1011 1223 1056 1264 δὲ
1077 1220 1265 1273 Λούκιος
1287 1223 1468 1280 ἐπῃνεῖτο
1490 1224 1554 1267 ἐπὶ
1577 1227 1629 1281 τῇ
1653 1226 1739 1282 νίκῃ

257 1294 324 1334 καὶ
361 1292 434 1346 τὴν
471 1295 543 1334 τοῦ
580 1291 809 1334 Ἀσιατικοῢ
848 1291 1078 1344 ἐπωνυμίαν
1117 1290 1173 1333 δι’
1213 1290 1340 1345 αὐτὴν
1374 1291 1499 1346 ἴσχεν,
1547 1291 1684 1351 ὥσπερ
1716 1291 1738 1336 ὅ

258 1361 436 1418 ἀδελφὸς
460 1360 587 1402 αὐτοῦ
616 1359 858 1416 Ἀφρικανὸς
881 1357 1086 1414 ἐπεκλήθη
1095 1391 1108 1411 ,
1143 1363 1216 1414 τῆς
1240 1359 1511 1418 Καρχηδόνος
1532 1359 1740 1419 κρατήσας

257 1430 445 1485 μέγιστον
469 1430 510 1471 ἓν
532 1432 581 1484 τῇ
599 1428 772 1485 Ἀφρικῇ
795 1429 1051 1482 δυνηθείσης.

398 1501 590 1539 Τοιοῦτοι
621 1497 662 1539 δ’
699 1491 768 1539 οὖν
800 1496 944 1553 ἄνδρες
975 1490 1086 1538 οὗτοι
1117 1493 1319 1551 γενόμενοι
1351 1497 1418 1538 καὶ
1451 1496 1514 1539 ἐπὶ
1545 1500 1795 1544 τοσοῦτονξὶο

259 1565 381 1621 δόξης
415 1564 605 1615 ἐλθόντες
637 1566 678 1616 ἐξ
711 1565 880 1622 ἀρετῆς,
917 1566 1163 1622 δικαστηρίῳ
1197 1566 1264 1607 καὶ
1295 1569 1353 1622 τῷ
1386 1562 1505 1623 δήμῳ
1529 1565 1577 1608 οὗ
1601 1569 1740 1625 πολλῷ
1803 1581 1816 1590 “

257 1634 425 1690 ὕστερον
449 1632 764 1691 παρεδόθησαν·
801 1635 867 1675 καὶ
892 1631 912 1675 ὃ
936 1634 1009 1687 μὲν
1027 1632 1214 1683 Λούκιος
1237 1634 1533 1690 κατεψηφίσθη
1557 1631 1612 1685 ὥς
1634 1633 1740 1690 τάχα

260 1704 389 1745 πολλὰ
415 1705 458 1746 ἐκ
480 1707 554 1758 τῆς
578 1703 686 1752 λείας
708 1699 1068 1760 σφετερισάμενος,
1093 1701 1337 1758 Ἀφρικανὸς
1359 1702 1404 1744 δὲ
1426 1699 1482 1752 ὥς
1503 1697 1736 1747 ἐπιεικεστέ-

351 1822 375 1856 4
398 1817 440 1854 δὲ
464 1833 518 1855 om
542 1821 586 1857 A.
705 1822 726 1855 5
752 1815 908 1864 ἐπείσθη
931 1819 1088 1855 ABCW.
1110 1815 1296 1854 “fortassis
1320 1814 1512 1864 ἕποιήθη”
1537 1820 1739 1855 Womvms.

348 1862 456 1901 “mss.
489 1866 576 1912 Reg.
612 1871 650 1900 et
681 1866 780 1900 Colb.
814 1862 1020 1910 ἐσπείσθη”
1055 1865 1288 1899 Ducmcms.
1475 1865 1497 1902 7
1518 1862 1670 1907 ἐπέταξε·
1693 1868 1738 1903 Α.

351 1912 375 1947 8
390 1909 538 1952 Μάλιος
554 1913 643 1957 PW,
667 1923 745 1947 mox
761 1910 940 1952 Μάλλιος.
1038 1910 1082 1948 17
1098 1907 1221 1956 ὥσπερ
1239 1908 1281 1945 δὲ
1297 1906 1317 1945 ὄ
1334 1911 1378 1946 Α.
1474 1910 1520 1947 18
1534 1907 1678 1957 ἐκλήθη
1692 1912 1737 1950 Α.

258 2014 454 2048 Antiochus
476 2014 590 2048 victus
615 2013 733 2048 statim
755 2013 792 2048 iu
807 2013 946 2057 Syriam
968 2012 1139 2047 recessit:
1163 2011 1286 2047 Asiani
1301 2011 1430 2046 Graeci
1446 2012 1491 2047 ad
1506 2012 1739 2050 Romanorum

260 2060 455 2095 amicitiam
472 2071 509 2094 se
535 2060 771 2096 contulerunt.
1561 2089 1564 2092 ⁴

396 2107 484 2140 Post
505 2106 594 2144 haec
616 2106 776 2140 induciae
801 2103 969 2149 quaedam
997 2103 1170 2138 Antiocho
1202 2103 1339 2148 petenti
1369 2107 1495 2148 pactae
1517 2109 1612 2139 sunt.
1659 2117 1737 2143 nam

259 2157 295 2186 et
326 2152 449 2197 Scipio
474 2158 622 2197 pro-pter
646 2152 753 2186 filium
779 2151 812 2184 ei
838 2152 926 2184 bene
949 2150 1135 2195 cupiebat,
1169 2154 1204 2183 et
1231 2149 1349 2185 consul
1381 2149 1564 2185 victoriam
1597 2162 1738 2188 succes-

259 2198 333 2231 sori
357 2197 655 2243 appropinquanti
678 2197 872 2231 concedere
901 2195 1054 2232 nolebat.
1102 2206 1179 2229 cum
1203 2195 1312 2240 igitur
1335 2193 1421 2228 nihil
1444 2195 1590 2240 amplius
1612 2196 1737 2232 Antio-

258 2244 324 2277 cho
358 2244 606 2289 imposuissent
630 2254 732 2288 quam
756 2254 799 2277 ea
822 2253 912 2287 quae
936 2245 1016 2276 ante
1041 2252 1189 2286 pugnam
1214 2240 1450 2286 postularant,
1484 2242 1551 2277 Cn.
1582 2243 1737 2279 Manlius

260 2301 379 2324 eorum
403 2300 604 2331 successor,
638 2289 696 2323 illa
729 2289 895 2334 pactione
926 2287 1020 2322 ,haud
1045 2291 1249 2330 contentus,
1283 2286 1385 2331 plura
1409 2287 1550 2332 exegit3
1585 2287 1738 2325 etinter

260 2336 402 2370 obsides
425 2335 537 2381 ipsius
563 2335 667 2368 etiam
690 2335 797 2369 filium
822 2333 1026 2367 Antiochum
1059 2333 1143 2366 dare
1174 2337 1210 2366 et
1242 2333 1441 2377 transfugas
1465 2345 1583 2369 omnes
1606 2335 1738 2370 dedere

257 2381 382 2427 iussit,
415 2382 507 2415 inter
532 2392 617 2425 quos
644 2386 719 2415 erat
742 2381 845 2414 etiam
869 2379 1060 2414 Hannibal.
1106 2379 1152 2413 iis
1175 2377 1361 2424 postulatis
1384 2380 1578 2415 Antiochus
1601 2381 1659 2415 vel
1684 2381 1737 2415 in-

258 2428 355 2461 vitus
390 2427 525 2473 paruit:
562 2427 624 2461 sed
657 2426 904 2470 Hannibalem,
940 2425 1001 2470 qui
1033 2425 1101 2459 iam
1133 2423 1177 2458 ad
1211 2424 1370 2458 Prusiam
1397 2425 1585 2470 Bithyniae
1617 2438 1737 2472 regem

260 2475 477 2518 confugerat,
503 2473 635 2506 dedere
659 2484 726 2506 non
747 2472 877 2518 potuit.
925 2475 962 2505 et
985 2470 1109 2516 legatis
1131 2469 1277 2503 Romam
1304 2469 1431 2514 missis,
1454 2472 1500 2506 iis
1523 2472 1739 2507 condicioni-

259 2521 323 2553 bus
356 2532 478 2565 pacem
512 2519 611 2555 fecit.
660 2519 702 2554 L.
738 2530 820 2552 vero
846 2517 967 2562 Scipio
992 2528 1035 2551 ea
1061 2515 1211 2550 victoria
1237 2526 1393 2560 magnam
1415 2517 1551 2553 laudem
1575 2519 1735 2564 adeptus,

259 2566 408 2600 Asiatici
440 2568 704 2610 cognomentum
743 2577 787 2598 ex
824 2563 1004 2609 provincia
1043 2560 1266 2607 deportavit:
1305 2563 1587 2606 quemadmodum
1626 2565 1736 2599 frater

256 2611 473 2655 Carthagine
496 2612 655 2654 subacta,
679 2610 921 2655 potentissima
944 2608 1087 2643 Africae
1110 2608 1208 2650 urbe,
1232 2606 1401 2642 Africani.

396 2657 505 2691 Tanti
539 2663 653 2694 autem
686 2656 756 2691 viri
790 2662 992 2699 tantamque
1023 2653 1157 2688 virtute
1194 2652 1340 2697 gloriam
1374 2654 1495 2700 adepti
1528 2665 1597 2689 non
1628 2656 1734 2690 multo
1789 2663 1793 2666 ’

257 2708 338 2748 post
373 2703 410 2736 in
441 2703 607 2737 iudicium
643 2703 786 2737 adducti
804 2732 806 2734 ,
823 2707 859 2735 et
892 2700 1012 2746 populi
1043 2699 1211 2745 potestati
1235 2699 1386 2734 subiecti
1409 2705 1508 2742 sunt;
1539 2712 1581 2735 ac
1602 2701 1735 2736 Lucius

259 2749 528 2794 repetundarum
553 2749 752 2792 damnatus,
788 2747 888 2792 quasi
913 2758 958 2780 ex
982 2746 1152 2780 manubiis
1178 2746 1285 2780 multa
1309 2746 1564 2789 subtraxisset3
1595 2747 1735 2782 Africa-
