1820 3120
289 131 392 177 436
761 128 992 172 IOANNIS
1028 128 1290 172 ZONARAE

282 246 352 286 ‘iva
386 242 445 296 μὴ
476 241 513 284 οἶ
546 243 713 298 δοτῆρες
745 242 1015 298 νοσφίζωνταί
1045 259 1083 284 τι
1117 241 1264 293 αὗτῶν,
1299 240 1416 291 εῑδὼς
1445 244 1564 285 τοῦτο
1596 241 1660 290 ἐπὶ,
1682 245 1764 285 τοῦ

284 308 527 366 Αὐγούστου
552 307 768 365 γινόμενον.
817 312 884 367 καὶΙ
909 309 1000 352 οὕτε
1024 309 1228 352 ἀπέκτεινέ
1247 326 1336 352 τινα
1361 308 1428 351 διὰ
1446 307 1642 368 χρήματα
1659 309 1758 363 ιοὔτ’

285 379 424 423 οὐσίαν
456 376 546 421 τότε
577 377 793 433 ἐδήμευσεν
818 376 1001 430 οὐδενός,
1037 378 1132 420 οὐδ’
1170 377 1250 429 ἔξω
1284 395 1324 420 τι
1358 381 1442 420 τῶν
1469 378 1761 433 νενομισμένων

232 458 261 491 Β
285 444 620 504 ἠργυρολόγησεν.
690 447 872 504 Αἰμιλίῳ
906 450 1003 502 γοῦν
1029 444 1237 502 χρήματα
1256 447 1379 489 πλείω
1410 445 1526 504 παρὰ
1554 445 1760 494 vok-§cana

282 515 478 570 ταγμένον
502 515 708 568 πέμψαντι
733 515 1025 557 ἀντεπέστειλεν
1050 515 1111 557 ὅτι
1134 512 1382 572 “κείρεσθαί·
1393 531 1475 568 μου
1498 513 1550 557 τὰ
1572 513 1791 572 aptista-cab

283 583 377 625 ἀλλ’
408 583 480 625 οὐκ
506 583 793 638 ἀποξυρᾶσθαι
815 581 1065 637 βούλομαι.”
1137 585 1204 625 καὶ
1228 580 1475 639 εὗπρόσοὸος
1495 583 1759 640 καὶςεῦπροσφ-

284 649 430 707 ήγορος
452 645 515 705 ἦν,
551 650 646 701 τούς
678 668 718 693 τε
754 650 954 708 ἄρχοντας
988 649 1044 701 ὡς
1075 652 1116 693 ἐν
1149 653 1401 710 δημοκρατίᾳ
1431 651 1548 705 ἐτίμα
1577 653 1648 695 καὶ
1674 657 1759 702 τοῖς

279 717 448 768 ὑπάτοις
483 717 727 762 ὑπανίστατο
737 751 750 769 ,
802 721 870 761 καὶ
907 726 991 769 τοῖς
1027 717 1201 775 ἑταίροις
1238 718 1294 770 ὥς
1329 720 1370 762 ἐν
1406 720 1584 779 ἰδιωτείᾳ
1619 724 1757 774 συνῆν,

279 785 498 837 νοσοῦντάς
530 804 571 829 τε
607 787 887 839 ἐπεσκέπτετο,
922 789 1124 843 μηδεμίαν
1158 787 1346 845 φρουρὰν
1379 786 1655 844 ἐπαγόμενος-ἡ
1689 789 1757 830 καὶ

279 856 348 896 ἐπί
367 873 442 898 τινι
466 855 600 897 αὐτῶν
623 854 901 910 τελευτήσανττ
927 857 1050 906 αὐτὸς
1072 856 1221 911 ἀνέγνω
1243 857 1313 899 τὸν
1337 854 1563 913 ἐπιτάφιον.
1596 857 1663 899 καὶ
1679 856 1756 910 ’.τὴν
1766 866 1811 902 10

275 923 433 981 μητέρα
456 923 528 978 τὴν
550 925 711 978 Λιβίαν
734 922 883 978 ὁμοίως
914 925 1222 982 προσφέρεσθαι
1253 929 1375 967 πᾶσιν
1404 925 1595 966 ἐκέλευεν.
1660 921 1686 978 ἦ
1713 925 1757 967 δὲ

72 1003 118 1037 W
134 1002 170 1037 ΙΙ
188 1001 255 1038 173
277 990 381 1034 πάνυ
415 990 577 1046 ὤγκωτο
588 1023 600 1042 ,
638 994 707 1034 καὶ
730 993 772 1032 αἶ
796 997 870 1034 τοῦ
895 994 1086 1047 Τιβερίου
1110 993 1314 1034 ἐπιστολαὶ
1329 988 1485 1048 χρόνον
1505 990 1687 1043 τινὰκαὶ
1709 992 1754 1034 τὸ

225 1070 256 1104 C
279 1060 427 1114 ἐκείνης
456 1058 585 1112 ὄνομα
617 1057 737 1112 εἶχον,
771 1058 821 1100 τά
854 1075 897 1101 τε
935 1058 1040 1100 ἄλλα
1073 1057 1203 1102 πάντα
1229 1057 1285 1109 ὥς
1308 1059 1571 1116 αὖταρχοῦσα
1593 1061 1755 1102 διοικεῖν

274 1128 475 1183 ἐπεχείρει,
499 1128 565 1168 καὶ
590 1126 661 1168 οὐκ
686 1128 728 1177 ἐξ
751 1126 840 1168 ἴσου
865 1126 1003 1183 ἄρχειν
1026 1127 1130 1169 ἀλλὰ
1154 1129 1220 1170 καὶ
1244 1125 1478 1184 πρεσβεύειν
1501 1128 1628 1172 αὐτοῦ
1649 1127 1753 1183 ἤθε-

274 1200 353 1247 λεν,
391 1194 493 1249 αὐτὴ
525 1199 690 1249 ποιῆσαι
725 1195 907 1248 αὗχοῧσα
943 1196 1066 1238 αὐτὸν
1099 1195 1395 1253 αὐτοκράτορα.
1443 1194 1485 1238 ,ὃ
1519 1197 1564 1239 δὲ
1592 1195 1750 1252 ,ἤχθετο
1762 1207 1807 1242 15

273 1268 434 1320 πρῶτον
458 1263 582 1319 αὐτῇ·
620 1261 704 1305 εἶτα
727 1268 808 1306 τῶν
831 1264 904 1317 μὲν
929 1266 1134 1319 δημοσίων
1157 1265 1286 1319 αὐτὴν
1308 1264 1481 1316 ἔπαυσε,
1501 1263 1552 1308 τὰ
1577 1265 1625 1307 δ’
1649 1264 1750 1307 οἶίιοι

273 1335 436 1390 διοιζεῖν
460 1331 636 1388 ἀφῆκεν·
673 1330 730 1381 ὡς
763 1333 806 1374 δὲ
838 1332 913 1374 κᾶν
946 1333 1104 1383 τούτοις
1135 1327 1185 1387 ἦν
1217 1331 1427 1388 ἐπαχθής,
1456 1331 1750 1388 ’ἀπεδήμεικαὶ

274 1400 398 1454 αὐτῆς
421 1401 614 1450 ἐξίστατο.
659 1399 976 1457 σωφρονέστατά
999 1419 1040 1444 τε
1058 1399 1207 1458 χρόνον
1230 1402 1319 1443 τινὰ
1342 1404 1477 1458 διῆγε,
1511 1400 1751 1452 καὶ-,ἅλλους

274 1468 317 1510 δ’
353 1466 537 1519 ἐκόλαζεν
572 1468 900 1523 ἀσελγαίνοντας,
937 1472 1004 1511 καὶ
1037 1475 1094 1528 τῷ
1117 1468 1296 1527 Δρούσῳ
1330 1470 1375 1512 δὲ
1408 1473 1468 1528 τῷ
1493 1469 1593 1528 υἱῷ,
1626 1468 1684 1523 ὃν,
1707 1472 1749 1520 ἐξ

265 1536 525 1593 Ἀγριππίνης
561 1541 634 1591 τῆς
674 1537 872 1593 προτέρας
904 1537 1029 1579 αὐτοῦ
1061 1538 1248 1593 γυναικὸς
1280 1538 1443 1592 ἔσχηκε,
1487 1539 1556 1580 καὶ
1591 1537 1804 1594 ἀσελγεῒΞΟ

1071 1605 1091 1620 ’l

219 1613 250 1646 D
273 1603 508 1660 τυγχάνοντι
532 1606 599 1646 καὶ
623 1604 723 1662 ὠμῷ
732 1637 745 1657 ,
779 1606 946 1658 ἐπετίμα
968 1607 1040 1649 καὶ
1064 1610 1230 1659 ηχθετο.
1299 1607 1370 1646 καί
1389 1613 1486 1648 ποτέ
1509 1606 1621 1664 αὐτῷ
1643 1604 1747 1649 εἶπεν

361 1766 385 1802 9
423 1763 626 1805 νοσοῦντοὶς
662 1765 724 1800 Ac
762 1766 855 1811 Dio,
895 1765 1111 1806 Νοσοῦντος
1149 1766 1239 1799 Pw.
1337 1795 1340 1800 .
1427 1765 1473 1803 18
1508 1763 1628 1814 αὐτὴν
1664 1769 1743 1806 Dio.

361 1812 408 1846 20
430 1808 657 1856 ἆγριππίνας
676 1811 715 1849 Α.
1574 1830 1576 1833 ·

268 1959 522 2004 locupletabat:
557 1971 689 2004 eaeque
720 1959 926 2004 largitiones
956 1960 1073 1994 statim
1103 1959 1182 2005 ipso
1205 1959 1351 1994 vidente
1374 1959 1667 2005 numerabantur,
1699 1973 1742 1995 ne

268 2005 353 2050 quid
376 2005 478 2049 inde,
504 2011 543 2039 ut
566 2007 630 2040 sub
653 2006 813 2050 Augusto
835 2007 965 2040 factum
987 2005 1208 2049 meminerat,
1233 2018 1297 2052 per
1321 2006 1579 2051 dispensatores
1602 2007 1742 2042 subtra-

268 2051 424 2086 heretur.
466 2051 635 2096 pecuniae
659 2063 764 2086 causa
784 2052 950 2085 neminem
975 2052 1168 2095 occidebat,
1193 2063 1304 2097 neque
1328 2053 1421 2086 bona
1444 2055 1516 2086 tum
1540 2052 1742 2098 cuiusquam

267 2096 495 2141 publicabat,
532 2108 646 2142 neque
670 2098 760 2131 ultra
784 2097 1010 2132 constitutum
1035 2097 1219 2143 quicquam
1242 2097 1415 2142 exigebat.
1465 2098 1608 2134 Aemilio
1633 2103 1740 2142 σοι-ιε,

270 2141 329 2187 qui
354 2143 431 2186 plus
453 2143 624 2187 pecuniae
646 2154 747 2186 quam
771 2144 966 2178 ordinatum
990 2149 1067 2178 erat
1089 2143 1251 2186 miserat,
1284 2143 1464 2188 rescripsit
1485 2155 1524 2179 se
1548 2155 1636 2179 oves
1658 2155 1740 2179 suas

268 2187 409 2221 tonderi
432 2188 536 2229 velle,
561 2199 629 2221 non
653 2188 803 2232 deglubi.
845 2194 924 2223 erat
951 2193 987 2223 et
1010 2189 1106 2223 aditu
1129 2189 1240 2223 facilis
1263 2193 1300 2224 et
1322 2188 1495 2224 affabilis:
1517 2190 1743 2234 magistratus

269 2238 435 2278 tanquam
459 2234 495 2267 in
518 2234 628 2267 libera
653 2234 797 2268 civitate
821 2235 967 2278 colebat,
993 2235 1188 2269 consulibus
1208 2236 1430 2280 assur-gebun
1454 2236 1641 2270 amicorum
1656 2247 1740 2270 eon-

269 2279 456 2313 suetudine
490 2291 602 2324 aeque
637 2284 676 2313 ut
710 2281 869 2324 privatus
902 2282 1037 2315 fecerat
1070 2282 1256 2315 utebatur:
1289 2285 1516 2325 aegrotantes
1550 2282 1738 2324 invisebat,

268 2326 362 2367 nullo
390 2325 576 2359 satellitum
599 2326 787 2367 comitatu3
820 2332 856 2360 et
890 2327 1038 2371 quodam
1070 2338 1112 2361 ex
1142 2327 1194 2360 eis
1217 2326 1381 2361 defuncto
1404 2327 1584 2362 funebrem
1607 2327 1742 2362 oratio-

268 2383 344 2404 nem
371 2370 446 2416 ipse
468 2371 645 2405 recitavit.
692 2377 833 2405 matrem
857 2372 993 2406 Liviam
1020 2384 1104 2417 erga
1127 2383 1242 2406 omnes
1273 2372 1392 2406 eodem
1423 2383 1464 2406 se
1490 2385 1616 2418 gerere
1639 2374 1740 2408 modo

267 2416 384 2451 iussit.
431 2416 492 2450 illa
515 2428 600 2451 vero
625 2428 783 2461 magnum
808 2419 932 2452 fastum
961 2430 1048 2464 prae
1079 2430 1117 2452 se
1147 2419 1265 2451 ferens
1287 2418 1324 2451 in
1348 2418 1488 2453 Tiberii
1511 2419 1670 2465 epistolis
1695 2419 1740 2453 ad

266 2466 402 2508 tempus
426 2462 705 2507 adscribebatur‚
729 2468 835 2507 atque
861 2464 949 2497 adeo
971 2476 1036 2509 pro
1060 2463 1202 2509 imperio
1226 2474 1265 2497 se
1287 2464 1434 2508 gerebat
1455 2468 1497 2498 ut
1519 2476 1589 2499 non
1611 2477 1655 2499 ex
1677 2477 1741 2499 ae·

268 2519 335 2552 quo
361 2518 437 2542 cum
460 2508 520 2542 illo
544 2508 713 2554 imperare
738 2509 799 2542 sed
823 2509 962 2544 meliore
985 2510 1189 2544 condicione
1212 2520 1290 2543 esse
1311 2509 1425 2554 vellet,
1449 2521 1488 2544 se
1503 2510 1595 2544 illum
1611 2511 1739 2545 fecisse

267 2553 508 2598 imperatorem
532 2555 697 2599 glorians.
745 2555 837 2600 quod
863 2555 1030 2589 Tiberius
1053 2555 1225 2600 principio
1250 2566 1355 2600 aegre
1378 2556 1478 2598 tulit,
1510 2556 1637 2591 deinde
1661 2567 1740 2591 eam>

268 2609 289 2631 a
312 2599 363 2632 rei
388 2600 548 2644 publicae
570 2600 928 2635 administrationibus
951 2606 1117 2636 remotam
1133 2600 1320 2635 domestica
1335 2601 1478 2646 negotia
1493 2613 1616 2637 curare
1633 2602 1738 2637 sivit:

268 2648 308 2677 ut
333 2657 416 2678 vero
441 2645 478 2679 in
501 2646 544 2679 iis
567 2646 673 2680 etiam
698 2646 841 2681 molesta
865 2651 957 2691 erat,
991 2658 1140 2692 peregre
1163 2646 1272 2690 abiit,
1297 2651 1337 2681 ut
1359 2648 1404 2682 ab
1427 2658 1468 2682 ea
1492 2648 1644 2682 abesset.
1690 2648 1735 2683 ad

267 2694 402 2733 tempus
437 2692 689 2726 modestissime
721 2692 830 2737 vixit,
872 2697 908 2726 et
946 2692 1088 2727 aliorum
1128 2692 1374 2727 immodestiam
1404 2693 1529 2738 poenis
1559 2693 1735 2736 coiircuit=

266 2734 415 2769 Drusum
442 2747 580 2782 quoque
604 2737 709 2772 filium
736 2750 778 2772 ex
803 2738 918 2784 priore
941 2750 1049 2772 uxore
1072 2737 1270 2783 Agrippina
1292 2743 1488 2784 susceptum
1511 2739 1556 2773 ob
1585 2738 1736 2773 crudeli·
1794 2748 1800 2755 '¹

265 2784 373 2815 tatem
398 2786 434 2815 et
458 2783 634 2818 lasciviam
657 2784 858 2830 obiurgavit
881 2787 918 2819 et
942 2784 1022 2820 odio
1045 2783 1176 2819 habuit.
1226 2784 1283 2818 cui
1318 2783 1504 2829 aliquando
1537 2783 1625 2820 dixit
1655 2780 1734 2819 “me
