1820 3120
264 96 361 142 180
732 97 957 141 IOANNIS
993 97 1251 141 ZONARAE

264 211 304 252 αἱ
337 210 410 263 μὲν
442 204 512 251 οὖν
543 209 696 266 ἀμᾳ-οἴν
729 208 843 261 δόξαι
875 217 1056 254 τοιαῦται
1090 205 1195 264 ἦσαν
1219 209 1274 261 ὡς
1296 213 1336 253 ἐν
1359 214 1565 271 κεφαλαίῳ
1586 215 1720 264 εἰπεῖν,

262 283 312 334 τῇ
336 278 378 319 δὲ
401 281 530 334 βουλῇ
549 278 924 335 παρασκευάζεσθαι
943 280 1014 333 μὲν
1033 279 1142 328 ἔδοξε
1160 278 1261 334 πρὸς
1278 279 1351 333 τὴν
1366 279 1514 336 μάχην,
1535 283 1722 338 πρέσβεις

239 346 303 387 ’ὁὲ
327 348 381 395 εἷς
405 346 478 398 τὴν
501 346 749 403 Καρχηδόνα
773 352 924 391 στεῖλαι
947 349 1010 389 καὶ
1038 351 1110 390 τοῦ
1127 346 1307 401 Ἀννίβου
1331 354 1625 406 κατηγορῆσαι,
1654 352 1720 392 καὶ

260 416 294 455 εί
315 414 387 467 μὲν
409 413 466 468 μὴ
490 415 684 457 ἐπαινοῖεν
707 416 758 458 τὰ
775 416 1033 472 πραχθέντα,
1058 413 1242 467 δικάσαι,
1269 416 1303 458 εἶ
1320 416 1362 458 δ’
1384 418 1439 467 εἷς
1456 419 1602 460 ἐκεῖνον
1617 418 1720 461 αὐτὰ

257 483 507 539 ἀναφέροιεν,
550 482 843 538 ἐξαιτήσασθαι
877 483 1011 535 αὐτόν,
1049 482 1122 525 κᾶν
1157 484 1214 538 μὴ
1248 485 1414 536 ἐκδῶσι,
1448 485 1518 528 τὸν
1547 483 1752 541 πόλεμονὸ

257 551 486 606 ἐπαγγειλαι
510 551 658 602 αὐτοῖς.

394 622 488 661 Τῶν
519 624 615 674 γοῦν
647 619 853 676 πρέσβεων
884 616 1144 661 ἀπελθόντων
1177 620 1214 661 οἳ
1241 618 1512 676 Καρχηδόνιοι
1535 619 1720 677 τὸλποιη-

256 685 344 728 τέον
367 685 574 729 ἐσκόπουν.
643 688 714 729 καί
733 705 793 737 τις
821 686 1094 744 Ἀσδρούβας,
1130 683 1185 737 εἷς
1218 693 1299 731 τῶν
1328 687 1407 730 ὑπὸ
1438 692 1514 731 τοῦ
1539 689 1721 743 Ἀννίβου

205 763 234 796 Β
258 754 731 810 προπαρεσκευασμένων,
773 755 1059 810 συνεβούλευσε
1083 757 1199 813 σφίσι
1218 762 1367 812 χρῆναι
1390 755 1462 810 τήν
1485 773 1525 799 τε
1549 757 1721 814 ἀρχαίαν

254 823 485 878 ἐλευθερίαν
522 821 832 877 ἀνακτήσασθαι
866 826 931 866 καὶ
965 824 1037 877 τὴν
1069 825 1110 866 ἐκ
1135 828 1206 878 τῆς
1229 824 1388 881 εἰρήνης
1410 827 1593 868 δουλείαν
1615 826 1718 869 ἀπο-
1730 832 1775 867 10

252 891 485 945 τρίψασθαι
509 893 576 933 καὶ
597 889 780 948 χρήμασι
802 895 868 934 καὶ
894 892 1089 947 δυνάμεσι
1112 894 1179 935 καὶ
1203 892 1432 948 συμμάχοις
1453 911 1718 951 συγκεκροτη-

73 966 120 998 W
136 965 231 1001 1172
255 959 401 1012 μένοις,
427 959 634 1014 ἐπαγαγών
657 958 718 1002 ὅτι
740 957 846 1002 “miv
869 965 925 1018 τῷ
942 960 1103 1018 Ἀννίβᾳ
1126 958 1237 1019 μόνῳ
1259 960 1336 1004 ὅσα
1359 961 1547 1015 βούλεται
1571 966 1719 1019 πρᾶξαι

250 1027 502 1082 ἐπιτρέψητε,
533 1029 598 1069 καὶ
622 1027 673 1070 τὰ
696 1028 951 1084 προσήκοντα
976 1030 1102 1079 ἔσται,
1129 1031 1196 1072 καὶ
1221 1030 1337 1072 οὐδὲν
1356 1030 1469 1072 αὐτοὶ
1489 1029 1714 1084 uomicas?

249 1099 416 1137 τοιαῦτα
441 1096 484 1137 δὲ
509 1096 633 1138 αὐτοῦ
659 1095 836 1147 εἰπόντος
850 1097 999 1141 Ἄννων
1026 1096 1046 1139 ὃ
1071 1096 1197 1154 μέγας
1220 1096 1519 1152 ἐναντιούμενος
1542 1105 1625 1149 τοῖς
1647 1103 1720 1142 τοῦ

243 1162 492 1218 Ἀσδροόβου
528 1163 660 1220 λόγοις
692 1163 853 1220 γνώμην
886 1164 1082 1222 εῗσήνεγκε
1097 1197 1109 1217 ,
1145 1165 1247 1220 μήτε
1271 1166 1421 1225 ῥαδίως
1440 1165 1542 1220 μήτε
1563 1171 1717 1222 μικρῶν
1728 1173 1772 1208 15

249 1233 316 1273 καὶ
351 1231 571 1289 ἀλλοτρίων
605 1233 863 1287 ἐγκλημάτων
896 1236 1012 1277 ἕνεκα
1044 1235 1114 1276 τὸν
1147 1234 1323 1289 πόλεμον
1345 1234 1417 1292 ἐφ’
1444 1233 1611 1285 ἑαυτοὺς
1631 1236 1717 1277 ἐπι-

248 1297 488 1342 σπάσασθαι
500 1332 511 1351 ,
546 1300 676 1356 παρὸν
708 1302 759 1343 τὰ
791 1303 863 1355 μέν
886 1306 1009 1345 λῦσαι
1034 1301 1086 1344 τὰ
1111 1303 1154 1344 δὲ
1177 1305 1218 1353 ἐς
1242 1303 1338 1353 τοὺς
1361 1301 1591 1358 δράσαντας
1614 1303 1717 1346 αὖτὰ

246 1368 410 1422 τρέψαι.
464 1369 529 1410 καὶ
554 1367 574 1410 ὁ
597 1369 671 1422 μὲν
694 1374 822 1412 ταῦτα
847 1371 967 1412 εἰπὼν
991 1369 1218 1422 ἐπαύσατο,
1253 1375 1333 1413 τῶν
1357 1372 1401 1412 δὲ
1424 1373 1716 1427 Καρχηδονίων

196 1443 226 1477 C
251 1436 286 1477 οἱ
318 1434 674 1493 μὲνπρεσβύτεροι
697 1439 764 1479 καὶ
788 1442 860 1480 τοῦ
883 1440 975 1494 πρὶν
997 1440 1241 1493 μεμνημένοι
1264 1439 1440 1492 πολέμου
1466 1440 1578 1498 αὐτῷ
1599 1457 1715 1482 συνε-

246 1505 420 1555 τίθεντο,
444 1505 481 1546 οἶ
506 1504 548 1546 δ’
575 1506 616 1546 ἐν
638 1503 771 1565 ἡλικία
795 1508 861 1548 καὶ
883 1505 1060 1561 μάλισθ’
1088 1506 1176 1550 ὅσοι
1200 1508 1252 1550 τὰ
1275 1512 1348 1550 τοῦ
1363 1508 1544 1560 Ἀννίβου
1565 1508 1770 1565 {hom-20

245 1590 315 1614 τον
339 1574 514 1630 ἰσχυρῶς
536 1572 756 1629 ἀντέλεγον.
825 1573 881 1624 ὥς
914 1577 955 1619 δ’
995 1574 1111 1618 οὐδὲν
1147 1576 1275 1633 σαφὲς
1297 1576 1558 1632 ἀπεκρίναντο
1581 1578 1648 1618 καὶ
1671 1578 1712 1619 ἐν

246 1640 435 1700 ὀλιγωρίᾳ
469 1641 565 1691 τοὺς
600 1643 787 1699 πρέσβεις
822 1641 938 1697 εἶχον,
974 1642 994 1685 ὅ
1021 1643 1199 1701 Μάρκος
1230 1642 1252 1686 ὃ
1279 1642 1438 1698 Φάβιος
1471 1644 1544 1695 τὰς
1571 1651 1714 1702 χεῖρας

336 1770 355 1804 1
378 1765 420 1802 αἴ
434 1765 500 1813 μὲν
515 1763 583 1804 οὖν
605 1791 651 1797 —
674 1771 696 1806 6
712 1767 921 1817 ἕπαγγεΐλαι
938 1770 1063 1813 αὐτοῖς
1077 1772 1202 1807 Dionis
1218 1777 1418 1819 excerptum
1433 1774 1637 1809 Vaticanum
1653 1773 1710 1812 70.

336 1814 359 1848 9
381 1815 815 1861 προπαρασκευασμένων
836 1819 924 1853 PW.
1044 1819 1090 1852 10
1112 1815 1180 1863 τὴν
1203 1814 1242 1854 ἐκ
1267 1830 1322 1853 om
1345 1820 1386 1853 A.
1489 1821 1532 1855 11
1555 1816 1710 1864 ἀποτρέ-

336 1862 486 1904 ψασθαι
509 1863 552 1898 A.
647 1864 692 1899 18
714 1861 869 1908 τρέψαι]
891 1861 1036 1908 πέμψαι
1057 1864 1102 1899 Α.
1195 1864 1239 1899 21
1265 1861 1314 1905 ὥς
1337 1861 1379 1898 δ’
1404 1861 1516 1901 οὐδὲν
1530 1885 1575 1891 ——
1590 1877 1627 1912 p.
1644 1866 1709 1903 181

334 1917 370 1940 v,
397 1908 418 1940 ὃ
442 1903 508 1941 τὸν
530 1905 692 1953 πόλεμον
711 1909 835 1944 Dionis
859 1914 1059 1956 excerptum
1082 1910 1290 1946 Vaticanum
1313 1910 1369 1946 70.

242 2023 302 2052 tur
324 2020 498 2053 sententia
520 2021 709 2056 summatim
733 2022 821 2056 haec
844 2023 920 2058 fere
942 2023 1026 2058 fuit:
1064 2023 1200 2058 senatui
1233 2030 1346 2058 autem
1362 2022 1507 2068 placuit
1534 2034 1573 2057 se
1605 2028 1642 2057 et
1664 2024 1710 2058 ad

243 2064 369 2098 bellum
393 2077 517 2110 parare
541 2072 576 2100 et
598 2067 723 2112 legatis
744 2069 990 2115 Carthaginem
1014 2069 1127 2104 missis
1147 2069 1375 2104 Hannibalem
1399 2079 1577 2103 accusare.
1617 2070 1709 2114 quod

242 2110 275 2144 si
299 2111 358 2144 illa
380 2112 637 2156 improbarent,
671 2114 749 2150 iure
772 2116 961 2159 agendmm
995 2115 1050 2148 sin
1074 2115 1124 2149 illi
1148 2115 1377 2161 imputarent,
1413 2125 1489 2150 eum
1520 2114 1709 2161 deposcen-

242 2156 345 2198 dum;
369 2157 399 2190 si
421 2168 489 2190 non
515 2159 690 2203 dederent,
711 2161 836 2194 bellum
861 2161 911 2195 eis
931 2161 1163 2196 indicendum.

381 2202 525 2247 Legatis
557 2205 723 2249 digressis
755 2207 1063 2251 Carthaginienses
1093 2206 1176 2252 quid
1209 2205 1377 2251 agendum
1409 2210 1505 2240 esset
1536 2206 1708 2241 delibera-

242 2248 344 2283 bant.
390 2248 589 2284 Hasdrubal
612 2263 714 2294 vero,
748 2263 837 2286 unus
871 2264 914 2286 ex
946 2252 987 2287 iis
1010 2263 1098 2297 quos
1122 2252 1295 2286 Hannibal
1315 2252 1548 2295 subornarat,
1585 2257 1708 2286 auctor

243 2294 310 2327 fuit
331 2294 464 2327 veteris
486 2295 658 2330 libertatis
680 2299 957 2343 recuperandae,
987 2304 1024 2332 et
1052 2298 1252 2340 servitutis,
1287 2308 1387 2342 quam
1418 2309 1488 2342 pax
1519 2297 1706 2341 attulisset,

243 2346 316 2373 tum
339 2340 494 2418 pecuniis
517 2346 587 2375 tum
611 2343 720 2388 copiis
744 2350 815 2378 tum
836 2344 940 2379 sociis
963 2344 1170 2390 comparatis
1190 2343 1438 2388 repudiandae.
1476 2343 1707 2389 subiecitque,

245 2385 273 2418 si
298 2396 341 2418 ve
378 2386 443 2419 soli
466 2387 651 2422 Hannibali
682 2401 745 2423 suo
778 2390 949 2425 arbitratu
971 2401 1042 2424 rem
1066 2401 1192 2435 gerere
1214 2389 1471 2434 permisissent,
1506 2389 1620 2424 omnia
1640 2389 1708 2424 rite

242 2430 519 2466 administratum
549 2433 613 2479 iri,
650 2439 686 2468 et
715 2435 811 2480 ipsos
840 2436 930 2470 omni
959 2435 1087 2470 laboris
1114 2435 1270 2469 molestia
1301 2436 1487 2469 carituros.
1533 2435 1591 2470 illo
1620 2435 1706 2469 haec

243 2477 359 2510 locuto
381 2489 527 2522 magnus
547 2479 672 2514 Hanno
697 2487 817 2515 contra
840 2493 909 2516 non
931 2489 1060 2516 temere
1083 2492 1194 2526 neque
1227 2481 1271 2514 ob
1304 2492 1416 2526 parva
1445 2485 1483 2515 et
1504 2480 1616 2515 aliena
1639 2481 1706 2514 cri-

243 2523 336 2556 mina
355 2523 479 2557 bellum
502 2524 538 2557 in
560 2538 632 2559 rem
652 2527 821 2571 publicam
843 2528 1086 2562 retrahendum
1109 2538 1186 2561 esse
1209 2527 1356 2570 censuit,
1378 2538 1454 2561 cum
1469 2526 1538 2560 alia.
1553 2537 1706 2571 purgare

243 2567 311 2601 alia
337 2568 373 2602 in
396 2575 557 2604 auctores
577 2574 765 2606 transferre
788 2573 904 2608 liceat.
951 2573 1012 2619 qui
1041 2583 1116 2607 cum
1138 2573 1273 2606 dicendi
1296 2573 1398 2606 finem
1419 2572 1581 2615 fecisset,
1615 2572 1705 2606 Car-

241 2613 510 2656 thaginiensium
536 2617 690 2652 seniores
712 2619 886 2664 primique
913 2619 994 2654 belli
1016 2630 1180 2652 memores
1201 2618 1253 2652 illi
1274 2623 1357 2653 sunt
1379 2618 1533 2652 assensi:
1571 2618 1705 2652 caeteri

242 2659 501 2706 adolescentes,
535 2662 629 2708 iique
659 2664 873 2709 potissimum
897 2665 954 2711 qui
977 2664 1182 2699 Hannibalis
1205 2675 1344 2699 causam
1367 2665 1539 2709 agebant,
1575 2663 1706 2697 acriter

241 2703 428 2752 adversati¹
441 2711 534 2743 sunt.
581 2715 620 2744 ut
650 2714 763 2744 autem
795 2711 878 2744 nihil
907 2710 998 2745 certi
1017 2710 1174 2756 responsi
1195 2711 1385 2751 dederunt,
1419 2709 1621 2755 legatosque
1643 2720 1705 2743 ne-

243 2750 444 2797 glexerunt,
477 2753 527 2790 M.
554 2754 684 2790 Fabius
707 2756 783 2790 sinu
807 2767 850 2790 ex
873 2762 957 2802 toga
977 2758 1071 2790 sacto
1092 2751 1200 2791 “hic’'
1228 2756 1343 2802 inquit
1367 2753 1496 2790 “vobis
1519 2755 1644 2789 bellum
1667 2761 1704 2788 et
