1820 3120
260 118 359 165 492
730 115 959 159 IOANNIS
993 115 1255 160 ZONARAE

260 230 463 275 ἔσκωπτον
485 226 537 272 τά
560 245 601 271 τε
626 227 731 270 ἄλλα
754 230 821 271 καὶ
853 227 927 283 τὴν
959 227 1137 270 ἀσωτίαν
1169 228 1308 271 αὐτοῦ.
1377 229 1667 285 αἰσχυνομένου
1691 231 1736 274 δὲ

53 305 237 343 wn194
260 301 323 343 ἐπὶ
355 297 513 347 τούτοις
546 298 613 338 καὶ
644 294 754 339 κάτω
783 296 1022 351 βλέποντος,
1063 297 1101 338 οἳ
1133 302 1378 353 στρατιῶται
1400 299 1591 354 ξιφιδίοις
1613 298 1736 342 αὐτὸν

255 366 334 411 ὑπὸ
359 366 405 408 τὸ
428 366 574 421 γένειον
595 363 847 416 ὖπεκέντουν,
878 366 949 406 ἵνα
971 366 1039 406 καὶ
1063 364 1171 407 ἄκων
1195 364 1279 407 ἄνω
1301 366 1444 424 βλέπῃ.
1513 367 1666 418 Κελτὸς
1689 368 1737 411 δέ

256 452 318 486 τις
341 431 508 487 ἐλεήσας
530 431 652 475 αὐτόν
675 431 782 489 κἐγώ
805 432 900 476 σοι”
927 432 1005 490 ἔφη
1030 431 1262 488 “βοηθήσω
1286 432 1342 485 ὥς
1362 433 1486 489 μόνος
1509 433 1732 491 adunam?

257 505 324 546 καὶ
347 500 368 544 ὅ
393 503 466 556 μὲν
488 503 635 544 ἐκεῖνον
658 501 804 558 ἔτρωσε
829 503 895 543 καὶ
919 499 1064 544 ἑαυτὸν
1086 502 1316 560 ἀπέσφαξεν
1330 517 1342 527 ·
1387 503 1436 545 οὖ
1457 503 1595 557 μέντοι
1617 505 1684 548 καὶ
1709 502 1768 547 65

205 574 236 609 C
265 571 494 620 Οὐϊτέλλιος
532 570 734 613 ἀπέθανεν
771 571 814 612 ἔκ
849 574 922 612 τοῦ
956 568 1212 624 τραύματος,
1261 571 1355 613 ἀλλ’
1395 569 1561 628 ἐσύρετο
1597 575 1654 623 εἷς
1687 572 1734 615 τὸ

259 637 546 696 δεσμωτήριον.
593 636 866 694 περιαλγήσας
889 638 933 680 δὲ
957 636 1018 688 οἷς
1039 656 1081 681 τε
1105 638 1253 694 ἔπασχε
1276 642 1343 682 καὶ
1367 636 1428 690 οἷς
1450 639 1596 695 ἤκουεν
1612 638 1733 683 ι*ἀλλ’

256 707 409 763 ξ’γωγε”
437 707 515 764 ἔφη
541 704 835 763 “αὐτοκράτωρ
859 704 975 760 ὑμῶν
998 705 1233 762 ἓγενόμην.”
1304 703 1561 764 ὀργισθέντες
1593 703 1664 751 οὖν
1696 709 1736 752 οἱ

255 779 500 833 στρατιῶται
523 775 754 829 κατέκοψαν
779 773 915 826 αὐτόν,
962 777 1028 817 καὶ
1060 775 1135 831 τὴν
1167 777 1347 832 κεφαλὴν
1370 775 1635 831 ἀποτεμόντες
1657 777 1736 820 αὗ-

255 849 328 887 τοῦ
352 844 455 887 κατὰ
481 847 616 885 πᾶσαν
639 844 712 898 τὴν
736 841 851 885 πόλιν
874 842 1126 900 περιήγαγον,
1157 842 1350 899 ζήσαντος
1372 845 1440 901 ἔτη
1464 845 1643 903 τέσσαρα
1665 847 1732 888 καὶ
1745 849 1791 884 10

254 911 499 967 πεντήκοντα
523 913 590 953 καὶ
613 910 766 968 ἡμέρας
788 912 901 954 ἐννέα
923 914 990 954 καὶ
1015 911 1263 968 ὀγδοήκοντα
1274 945 1288 965 ,
1313 913 1510 972 ἄρξαντος
1531 915 1577 957 δὲ
1599 916 1735 958 ἐνιαυ-

253 980 324 1023 τὸν
347 981 446 1023 δέκα
467 979 629 1035 ἡμερῶν
653 981 873 1022 ἔπιδέοντα.

393 1049 461 1093 17.
528 1049 832 1105 Πεπραγμένων
856 1048 900 1090 δὲ
923 1045 1076 1090 τούτων
1099 1046 1121 1090 ὃ
1145 1048 1388 1099 Μουκιανὸς
1409 1050 1561 1104 ἐπῆλθε
1584 1051 1652 1093 καὶ
1674 1054 1734 1108 τῷ
1776 1100 1779 1101 ⁷

254 1117 497 1174 Δομετιανῷ
520 1115 751 1174 συνδιῴκει·
790 1115 1053 1172 αὐτοκράτωρ
1087 1133 1129 1159 τε
1165 1115 1185 1159 ὃ
1215 1117 1519 1168 Οὐεσπασιανὸς
1541 1118 1736 1176 καὶπρὸς

254 1191 325 1239 τῆς
347 1189 500 1240 βουλῆς
524 1185 772 1243 εὖφημήθη,
808 1187 875 1228 καὶ
899 1186 1105 1241 Καίσαρες
1128 1183 1151 1227 ὅ
1175 1202 1216 1228 τε
1243 1187 1366 1236 Τίτος
1387 1188 1453 1229 καὶ
1477 1184 1499 1229 ὅ
1523 1187 1731 1241 Δομετια-
1741 1192 1788 1229 15

201 1259 234 1293 D
260 1254 328 1304 νὸς
359 1252 654 1308 ε’πεκλήθησαν.
723 1252 743 1296 ὃ
779 1255 823 1296 δὲ
846 1253 1086 1304 Μουκιανὸς
1109 1253 1287 1311 ἀδελφὸς
1309 1255 1421 1310 παρὰ
1443 1258 1518 1298 τοῦ
1543 1255 1733 1299 Οὐεσπα-

256 1327 398 1366 σιανοῦ
439 1321 687 1377 ὠνομάζετο,
738 1324 806 1365 καὶ
846 1323 1030 1372 ἐξουσίαν
1073 1321 1211 1379 εἴληφε
1253 1321 1384 1365 πάνθ’
1426 1322 1505 1367 ὅσὰ
1543 1322 1732 1378 ἐβούλετο

254 1390 444 1448 πράττειν
477 1393 543 1432 καὶ
575 1389 759 1447 γράφειν,
795 1390 840 1433 τὸ
878 1390 1007 1444 ὄνομα
1044 1395 1117 1432 τοῦ
1154 1390 1454 1448 αὐτοκράτορος
1487 1389 1610 1446 μόνον
1645 1393 1733 1434 ἔπι-

253 1458 530 1517 γραφόμενος·
565 1461 631 1501 καὶ
664 1459 733 1500 διὰ
764 1463 883 1501 τοῦτο
917 1460 983 1500 καὶ
1015 1456 1229 1500 δακτύλιον
1251 1461 1492 1517 πεμφθέντα
1516 1460 1555 1502 οἶ
1578 1458 1730 1518 ἐφόρει,

249 1529 319 1571 ἵνα
357 1528 404 1570 τὸ
449 1527 792 1585 αὖτοκρατορικὸν
831 1525 1072 1584 σφράγισμα
1111 1526 1302 1584 λαμβάνῃ
1346 1528 1398 1571 τὰ
1440 1527 1787 1584 σημαινόμενα.’20
1819 1575 1820 1581 ¹

344 1647 367 1681 2
392 1641 507 1679 αὐτὸν
531 1656 585 1680 om
609 1646 653 1679 A.
790 1645 814 1680 3
836 1641 1047 1680 ὑπεκέντων
1070 1647 1113 1679 A.
1238 1642 1382 1686 κελετός
1404 1646 1457 1691 B.
1570 1646 1595 1682 4
1617 1644 1731 1691 μόνος

342 1691 445 1726 etiam
468 1691 687 1734 Xiphilinus:
707 1685 867 1725 “rectius
891 1688 1040 1733 μόνως”
1064 1692 1323 1725 SYLBURGIUS.
1462 1691 1487 1726 8
1509 1688 1582 1748 ἔφῃ
1606 1705 1659 1727 om
1684 1694 1729 1728 C.

345 1739 389 1772 ll
415 1736 478 1771 καὶ
501 1734 641 1780 ἡμέρας
664 1732 770 1770 ἐννέα
796 1736 858 1770 καὶ
883 1734 1119 1780 ὀγδοήκοντα
1143 1749 1196 1771 om
1223 1737 1291 1771 Dio
1317 1749 1394 1771 exc.
1545 1738 1730 1782 αρξαντος

343 1784 375 1818 Α
399 1795 474 1817 cum
497 1782 699 1828 Xipffilino,
735 1781 1038 1826 μοναρχήσαντος
1062 1783 1150 1816 PW.
1292 1783 1338 1818 14
1360 1779 1379 1818 ὁ
1400 1794 1460 1818 vom
1484 1783 1528 1819 A.
1563 1813 1566 1818 .
1665 1784 1731 1819 καὶ

343 1841 398 1862 om
424 1829 465 1865 Β.
585 1829 630 1863 18
652 1826 811 1872 γράφειν
834 1828 897 1862 καὶ
919 1826 1095 1871 πράττειν
1122 1829 1162 1862 Β.
1279 1829 1323 1863 19
1348 1827 1411 1863 καὶ
1434 1829 1581 1864 alterum
1605 1842 1659 1865 om
1685 1830 1724 1868 B.

342 1876 390 1910 20
413 1872 662 1918 σημαινόμενα
687 1874 717 1908 Α
744 1874 956 1919 xiphilinus,
980 1872 1256 1920 συμβαινόμενα
1274 1875 1364 1910 PW.

389 1944 558 1977 FoN'rEs.
611 1943 699 1987 Cap.
727 1941 782 1978 17.
832 1941 961 1977 Dionis
985 1942 1166 1976 Historiae
1192 1943 1378 1976 Romanae
1408 1943 1468 1979 lib.
1494 1943 1539 1978 65
1571 1955 1600 1979 ο.
1625 1943 1672 1978 22
1694 1949 1728 1978 et

343 1988 403 2024 lib.
429 1988 474 2022 66
507 2001 535 2023 c.
561 1990 580 2022 1
607 2009 651 2013 —
679 2000 708 2021 ο.
739 1987 796 2023 17.
843 1990 961 2021 multa
986 1988 1151 2022 Zonaras
1182 1989 1288 2022 habet
1320 1999 1413 2033 quae
1443 1990 1545 2034 apud
1570 1989 1727 2036 xiphili-

341 2045 431 2068 num
456 2039 492 2068 et
514 2035 553 2068 in
578 2035 710 2080 eclogis
738 2035 1045 2069 Constantinianis
1069 2035 1334 2070 desiderantur.

250 2136 521 2179 opprobrarunt.
550 2137 594 2170 ob
619 2147 710 2181 quae
732 2136 1030 2170 verecundantem
1054 2140 1091 2170 et
1113 2136 1251 2171 humum
1273 2136 1467 2171 intuentem
1490 2136 1638 2178 cultellis
1661 2138 1726 2172 snb

249 2186 363 2214 mento
387 2186 634 2227 pupugerunt,
669 2187 708 2216 ut
742 2183 797 2216 vel
829 2183 960 2217 invitus
990 2183 1122 2217 vultum
1145 2184 1337 2217 attolleret.
1385 2193 1505 2224 vetum
1530 2182 1726 2218 Germanus

275 2226 387 2260 uidam
421 2227 495 2261 eius
527 2229 690 2262 misertus
716 2223 808 2272 “ego
839 2224 938 2262 tibi”
972 2229 1088 2273 inquit
1113 2225 1305 2274 “quantum
1337 2239 1425 2262 unus
1453 2239 1592 2273 possum
1624 2240 1725 2273 opem

248 2237 401 2316 ilerum&
425 2284 537 2318 eoque
561 2274 744 2308 vulnerato
769 2274 918 2318 seipsum
940 2274 1124 2318 iugulavit.
1170 2275 1233 2308 sed
1258 2274 1424 2308 Vitellius
1446 2285 1490 2308 ex
1513 2285 1555 2307 eo
1579 2274 1726 2309 vulnere

249 2329 318 2351 non
344 2324 499 2352 mortuus
523 2331 598 2354 cnm
621 2320 659 2353 in
683 2331 858 2353 carcerem
882 2321 1090 2363 traheretur,
1117 2331 1161 2354 ex
1184 2321 1368 2354 verberum
1387 2325 1424 2353 et
1438 2320 1725 2355 contumeliarum

250 2363 471 2407 impatientia
489 2361 554 2399 “at
577 2360 672 2410 ego²’
704 2365 821 2410 inquit
847 2362 995 2399 “vester
1023 2366 1211 2411 imperator
1240 2361 1335 2409 fuiff'
1383 2377 1452 2410 quo
1476 2365 1570 2399 dicto
1593 2365 1726 2401 irritati

248 2410 376 2444 milites
408 2422 449 2443 eo
485 2411 638 2445 dissecto
671 2417 776 2455 caput
807 2417 1020 2456 amputatum
1050 2423 1115 2458 per
1147 2416 1257 2446 totam
1280 2411 1400 2445 urbem
1425 2411 1724 2446 circumtulerunt.

248 2456 339 2490 vixit
371 2466 480 2489 annos
513 2457 769 2502 quinquaginta
800 2462 966 2503 quattuor
997 2462 1036 2492 et
1058 2458 1135 2492 dies
1159 2457 1337 2502 octoginta
1359 2468 1504 2499 novem3
1535 2457 1724 2504 imperavit

249 2512 373 2536 annum
396 2513 510 2542 unum,
537 2503 657 2536 decem
682 2503 803 2537 diebus
827 2503 985 2548 demptis,

386 2547 441 2582 17.
488 2548 553 2581 His
578 2548 729 2593 peractis
755 2549 938 2583 Mucianus
963 2548 1127 2592 advenit,
1160 2559 1299 2593 unaque
1330 2558 1405 2582 cum
1428 2547 1626 2582 Domitiano
1650 2559 1722 2583 rem

247 2592 420 2636 publicam
444 2594 610 2638 capessit.
659 2595 897 2639 Vespasianus
921 2606 942 2628 a
966 2600 1086 2628 senatu
1110 2595 1299 2639 imperator
1321 2595 1510 2638 salutatus,
1547 2594 1613 2627 duo
1644 2593 1722 2628 eius

247 2637 314 2671 filii
346 2639 516 2674 Caesares
552 2641 785 2684 cognominati
819 2644 911 2674 sunt.
968 2641 1152 2674 Mucianus
1187 2652 1274 2674 vero
1308 2641 1419 2673 frater
1451 2651 1473 2673 a
1507 2639 1723 2684 Vespasiano

248 2685 459 2728 vocabatur,
494 2691 638 2730 accepta
672 2691 850 2731 potestate
885 2686 1023 2731 quidvis
1057 2691 1094 2720 et
1117 2685 1240 2730 agendi
1265 2689 1300 2719 et
1322 2685 1554 2727 decernendi,
1584 2690 1722 2719 tantum

247 2728 468 2774 imperatoris
500 2733 635 2765 nomine
667 2733 905 2777 praescripto:
950 2743 1060 2776 eaque
1093 2731 1137 2764 de
1171 2742 1277 2766 causa
1310 2732 1451 2766 missum
1482 2730 1550 2764 sibi
1583 2730 1720 2765 anulum

247 2776 430 2821 gestabat,
464 2780 503 2811 ut
525 2778 685 2813 mandata
707 2777 929 2825 imperatorio
953 2778 1055 2813 anulo
1075 2776 1306 2824 signarentur.
1353 2776 1462 2822 igitur
1490 2777 1567 2822 ipse
1591 2780 1628 2812 et
1650 2776 1721 2812 Do-
