1820 3120
278 123 374 168 134
743 121 970 166 IOANNIS
1001 121 1260 164 ZONARAE

276 235 512 289 ἀπέσχοντο,
548 233 644 276 ἀλλ’
667 233 688 278 ὃ
713 235 785 290 μὲν
810 232 1015 285 Κλαύδιος
1047 234 1121 284 τὰς
1151 237 1250 283 ναῦς
1281 230 1557 288 ἐπεσκεύαζεν,
1581 234 1730 280 ’Άννων

271 303 315 344 δὲ
345 301 417 357 τὴν
452 302 581 345 αἰτίαν
616 307 690 358 τῆς
721 307 801 346 τῶν
831 304 1014 347 σπονδῶν
1046 299 1266 350 διαλύσεως
1299 302 1352 350 εἷς
1383 302 1477 353 τοὺς
1499 301 1730 359 ςΡωμαίους

264 370 414 425 τρέψαι
434 369 679 425 βουλόμενος
705 373 771 414 καὶ
794 371 866 421 τὰς
889 369 1065 420 ἁλούσας
1086 367 1258 426 τριήρεις
1280 372 1338 425 τῷ
1363 370 1555 429 Κλαυδίῳ
1575 370 1729 427 ἔπεμψε

220 435 228 440 ’
268 439 335 479 καὶ
360 437 453 488 τοὺς
476 437 754 493 αἰχμαλώτους
777 439 970 481 ἀπεδίδου
993 439 1059 480 καὶ
1082 438 1183 494 πρὸς
1205 436 1277 492 τὴν
1301 435 1459 492 εἰρήνην
1474 443 1728 496 προεκαλεῖτο

269 504 405 549 αὐτόν.
473 508 555 549 ἐπεὶ
578 507 621 549 δ’
649 507 764 550 οὐδὲν
786 506 960 558 ἐδέξατο,
992 505 1178 560 ἠπείλησε
1201 504 1302 559 μηδ’
1329 503 1616 560 ἀπονίψασθαί
1633 513 1761 550 ποτε5

268 574 343 624 τὰς
365 580 505 631 χεῖρας
534 576 574 617 ἐν
607 579 658 631 τῇ
689 572 881 630 θαλάσσῃ
911 573 1006 623 τοὺς
1029 571 1260 627 εΡωμαίους
1282 573 1412 615 ἐᾶσαι.
1481 571 1502 616 ὅ
1528 573 1733 626 Κλαύδιος

220 648 251 683 C
275 642 320 684 δὲ
352 641 426 697 τὴν
448 647 518 685 τοῦ
541 646 732 699 πορθμοῦ
757 640 879 699 φύσιν
902 639 1152 694 κατανοήσας
1179 639 1344 697 ἐτήρησε
1366 639 1436 682 τὸν
1457 640 1554 699 ῥοῦν
1574 644 1641 685 καὶ
1663 643 1733 686 τὸν

270 708 416 764 ἄνεμον
439 711 480 752 ἐκ
503 714 575 764 τῆς
591 711 762 759 Ἰταλίας
786 711 841 759 εἷς
862 709 935 763 τὴν
959 709 1144 750 Σικελίαν
1167 707 1253 762 ἅμα
1276 708 1494 765 φέροντας,
1537 711 1604 752 καὶ
1626 708 1734 753 οὕτω

272 778 500 820 διέπλευσεν
523 780 579 828 εἷς
600 777 674 831 τὴν
698 781 833 831 νῆσον,
867 777 1039 831 μηδενὸς
1060 776 1379 826 ἐναντιωθέντος.
1449 775 1576 834 εὗρών
1598 773 1669 821 οῦν
1691 779 1733 829 ἓν

269 849 327 902 τῷ
363 846 489 898 λιμένι
520 845 615 895 τοὺς
648 846 935 901 Μαμερτίνους
968 842 1007 899 (ὅ
1039 845 1115 902 γὰρ
1131 844 1279 887 ’Άννων
1301 843 1632 901 προῦποπτεῦσας
1654 845 1730 888 αὗ-
1741 855 1787 888 10

269 913 364 961 τοὺς
386 912 427 954 ἐν
450 916 500 968 τῇ
533 911 743 968 ἀκροπόλει
766 916 949 966 καθῆστο
975 912 1186 968 φυλάττων
1211 909 1353 967 αὐτήν)
1378 913 1587 967 ἐκκλησίαν
1609 912 1733 969 συνή-

272 996 365 1036 γαγε
380 1012 392 1032 ,
437 981 503 1021 καὶ
529 982 754 1034 διαλεχθεὶς
778 980 913 1030 αὐτοῖς
935 979 1061 1022 ἔπεισε
1084 980 1432 1033 μεταπέμψασθαι
1455 981 1526 1024 τὸν
1541 980 1731 1025 Ἄννωνα.

266 1046 294 1099 ,ὃ
330 1048 375 1090 δὲ
397 1052 619 1103 καταβῆναι
655 1048 728 1090 οὐκ
751 1047 898 1103 ἤθελε·
935 1049 1133 1104 φοβηθεὶς
1167 1048 1210 1089 δὲ
1241 1047 1298 1101 μὴ
1334 1047 1373 1089 οἳ
1402 1049 1655 1105 Μαμερτῖνοι
1679 1048 1734 1100 ὥς

272 1115 505 1166 ἀδικοῦντος
537 1116 662 1159 αὐτοῦ
693 1117 1002 1173 νεωτερίσωσιν,
1036 1111 1165 1170 ἦλθεν
1196 1116 1252 1165 εἲς
1282 1114 1355 1169 τὴν
1377 1115 1599 1171 ἐκκλησίαν.
1643 1119 1733 1159 ’καὶ

270 1187 429 1226 πολλῶν
460 1181 536 1225 ὑπ’
566 1184 718 1241 ἀμφοῖν
747 1183 879 1238 μάτην
913 1184 1135 1238 λεχθέντων
1166 1181 1398 1239 συνήρπασέ
1426 1200 1486 1234 τις
1517 1189 1597 1228 τῶν
1624 1183 1786 1230 ‘Bm-15

270 1252 401 1304 μαίων
433 1251 553 1294 αὐτὸν
586 1254 654 1294 καὶ
687 1252 869 1306 ἐνέβαλεν
902 1253 957 1301 εἷς
979 1251 1025 1294 τὸ
1050 1250 1347 1307 δεσμωτήριον,
1395 1250 1734 1296 συνεπαινοῦντων

272 1323 352 1362 τῶν
375 1320 661 1377 Μαμερτίνων.
1110 1333 1113 1334 ’

221 1390 253 1424 D
413 1389 494 1429 Καὶ
528 1386 548 1430 ὁ
573 1388 646 1442 μὲν
671 1385 797 1437 οὕτως
830 1386 925 1440 ὅλην
949 1384 1099 1443 ἀνάγκῃ
1124 1386 1199 1440 τὴν
1222 1384 1444 1442 Μεσσήνην
1467 1386 1660 1440 ἐξέλιπεν,
1696 1389 1734 1430 οἳ
1798 1398 1800 1401 “

272 1453 546 1511 Καρχηδόνιοι
579 1456 623 1498 δὲ
645 1454 841 1498 ἐκόλασαν
863 1455 936 1508 μὲν
959 1454 1027 1497 τὸν
1042 1453 1239 1506 Ἄννωνα,
1281 1453 1435 1511 κήρυκα
1460 1456 1504 1498 δὲ
1525 1463 1608 1507 τοῖς
1625 1454 1734 1499 Ῥω-

269 1523 405 1575 μαίοις
422 1523 606 1578 ἔπεμψαν
622 1522 695 1577 τήν
712 1541 752 1566 τε
764 1521 987 1577 Μεσσήνην
1010 1523 1178 1564 ἐκλιπεῖν
1201 1522 1424 1573 κελεύοντες
1445 1524 1511 1565 καὶ
1534 1524 1578 1566 ἐκ
1601 1522 1790 1579 πάσης20
1819 1578 1820 1582 ¹

273 1590 462 1633 ἀπελθεῖν
493 1593 676 1642 Σικελίας
707 1593 747 1633 ἐν
783 1590 914 1650 ἡμέρᾳ
946 1590 1070 1647 ῥητῇ·
1113 1592 1180 1632 καὶ
1207 1592 1400 1647 στρατιὰν
1425 1590 1734 1636 ἀπεστάλκασιν.
1819 1585 1820 1625 i

273 1655 329 1708 ὥς
351 1661 377 1701 δ
384 1659 397 1674 ²
424 1659 496 1702 οὐκ
528 1661 733 1702 ἐπείθοντο
760 1659 797 1701 οἳ
813 1657 1035 1712 ιΡωμαῖοι,
1070 1656 1164 1708 τούς
1186 1676 1226 1701 τε
1249 1663 1609 1718 μισθοφοροῦντας
1630 1660 1731 1717 παρ’

81 1729 126 1763 W
148 1729 185 1764 Π
207 1731 253 1767 54
277 1726 412 1778 αὐτοῖς
433 1728 475 1779 ἐξ
492 1728 662 1778 Ἰταλίας
684 1727 914 1770 ἀπέκτειναν
940 1728 1005 1768 καὶ
1028 1730 1079 1783 τῇ
1101 1725 1299 1784 Μεσσήνῃ
1323 1728 1573 1784 προσέβαλον
1595 1727 1736 1784 (συνῆν

371 1846 392 1879 5
416 1855 504 1878 ποτε
527 1842 595 1884 τοὶς
617 1846 741 1890 χεῖρας
762 1843 923 1879 ADionis
932 1855 1024 1887 exc.,
1046 1839 1113 1882 τὰς
1133 1845 1258 1898 χειζρας
1278 1838 1369 1876 ποτὲ
1390 1842 1481 1879 PW.
1572 1844 1597 1880 8
1620 1856 1737 1886 ουτως

370 1886 540 1924 ἔπλευσεν
562 1891 604 1924 A.
738 1891 760 1924 9
786 1887 821 1930 ἐς
846 1891 887 1924 C.
1025 1885 1140 1931 εὑρὼν
1158 1900 1226 1922 ουν
1249 1908 1294 1913 --
1319 1890 1363 1925 13
1386 1885 1453 1924 οὐκ
1474 1885 1586 1934 ἤθελε
1610 1890 1736 1926 Dionis

366 1940 564 1980 excerptum
587 1935 793 1970 Vaticanum
816 1936 873 1972 60.
1013 1934 1058 1970 18
1081 1940 1117 1969 et
1139 1934 1185 1968 20
1207 1931 1385 1980 Μεσήνην
1407 1936 1491 1970 PW.
1625 1937 1669 1972 19
1692 1933 1735 1971 δὲ

367 1991 421 2014 om
446 1980 485 2014 C.
638 1981 683 2015 23
706 1978 858 2027 Μεσήνῃ
882 1980 971 2016 PW.

277 2080 443 2115 Claudius
466 2092 575 2116 naves
596 2082 734 2116 refecit.
778 2081 902 2116 Hanno
928 2093 1063 2117 causam
1087 2081 1180 2127 rupti
1197 2081 1344 2115 foederis
1359 2081 1522 2115 Romanis
1538 2081 1737 2128 adscriptu-

276 2138 348 2170 rus,
372 2126 473 2160 etiam
499 2131 619 2172 captas
641 2128 798 2162 triremes
823 2129 969 2162 Claudio
993 2128 1134 2172 remisit,
1156 2127 1384 2172 captivosque
1402 2127 1567 2172 restituit,
1590 2139 1736 2173 eumque

277 2172 320 2205 ad
345 2183 464 2218 pacem
490 2174 708 2218 provocavit.
754 2174 814 2208 sed
838 2185 913 2208 cum
936 2174 994 2208 ille
1016 2174 1125 2207 nullas
1147 2172 1367 2207 condiciones
1391 2172 1605 2217 admitteret,
1627 2175 1738 2208 mina-

276 2221 334 2251 tus
358 2221 412 2252 est
434 2229 473 2252 se
496 2230 562 2252 non
589 2230 767 2263 passurum
792 2219 1000 2258 utRomani
1023 2220 1080 2254 vel
1099 2229 1217 2253 manus
1234 2219 1268 2252 in
1285 2218 1367 2252 mari
1387 2219 1581 2252 abluerent.
1629 2219 1738 2253 Clau-

276 2262 353 2296 dius
385 2274 494 2306 vero,
521 2265 603 2298 freti
635 2270 760 2299 natura
797 2266 1038 2308 considerata,
1071 2264 1227 2310 captavit
1249 2263 1415 2297 refluxum
1440 2264 1513 2298 eius
1537 2267 1574 2298 et
1594 2267 1737 2299 ventum

276 2308 374 2342 simul
397 2320 441 2343 ex
460 2309 563 2344 Italia
585 2309 619 2343 in
642 2310 793 2344 Siciliam
816 2312 982 2353 ferentes,
1005 2311 1124 2355 itaque
1147 2311 1183 2344 in
1205 2308 1350 2343 insulam
1371 2309 1512 2344 traiecit
1532 2310 1738 2354 prohibente

275 2354 434 2395 nemine3
459 2359 494 2388 et
516 2355 728 2390 Mamertinis
751 2357 786 2389 in
810 2361 913 2401 portu
936 2356 1088 2390 inventis
1113 2357 1205 2398 (nam
1228 2355 1372 2398 Hanno,
1397 2366 1472 2389 cum
1496 2355 1593 2389 cives
1616 2367 1739 2401 suspe—

276 2403 350 2434 ctos
386 2400 551 2444 haberet,
585 2413 696 2435 arcem
720 2403 902 2445 tuebatur)
928 2414 990 2447 pro
1013 2402 1172 2436 contione
1194 2400 1367 2445 persuasit
1396 2404 1435 2434 ut
1455 2401 1658 2435 Hannonem
1681 2413 1739 2435 ar-

276 2449 461 2480 cesserent.
506 2446 569 2492 qui
591 2446 659 2481 etsi
683 2447 892 2482 descendere
917 2447 1073 2491 nolebat,
1104 2452 1219 2481 tamen
1249 2446 1383 2480 veritus
1408 2457 1451 2480 ne
1474 2447 1671 2481 Mamertini
1693 2447 1738 2480 de

277 2491 414 2526 iniuriis
447 2491 514 2525 sibi
546 2492 648 2526 factis
685 2498 939 2538 conquerentes
963 2493 1043 2527 novi
1071 2491 1200 2537 aliquid
1223 2491 1447 2534 molirentur,
1480 2492 1516 2525 in
1541 2495 1736 2526 contionem

276 2537 394 2578 venit3
429 2542 467 2570 et
489 2537 603 2572 multis
627 2538 743 2572 verbis
767 2540 930 2584 utrinque
950 2540 1081 2573 frustra
1103 2537 1226 2580 factis,
1258 2548 1279 2569 a
1302 2537 1448 2581 quodam
1470 2537 1623 2572 Romano
1647 2549 1738 2572 com-

276 2583 466 2628 prehensus
488 2583 527 2617 in
550 2595 723 2617 carcerem
748 2585 942 2628 coniicitur,
966 2583 1180 2619 Mamertinis
1204 2583 1489 2627 approbantibus.

413 2628 474 2661 Sic
507 2629 566 2662 ille
589 2634 661 2664 tota
688 2629 849 2664 Messana
873 2630 1066 2664 necessario
1093 2629 1215 2663 relicta
1238 2639 1258 2661 a
1285 2627 1629 2673 Carthaginiensibus
1652 2628 1738 2662 mul-

277 2677 372 2706 tatus
397 2677 470 2715 est;
495 2678 530 2708 et
556 2686 624 2708 una
648 2686 722 2708 cum
742 2676 896 2710 exercitu
920 2677 1129 2710 caduceator
1145 2674 1188 2708 ad
1205 2675 1377 2707 Romanos
1391 2675 1527 2717 missus,
1551 2685 1614 2718 per
1637 2684 1738 2717 quem

278 2719 460 2752 edicebant
493 2726 529 2754 ut
559 2721 753 2755 Messanam
785 2721 1023 2766 relinquerent
1056 2725 1094 2754 et
1123 2722 1219 2754 intra
1247 2724 1379 2755 certum
1409 2719 1496 2753 diem
1519 2724 1593 2752 tota
1616 2719 1737 2752 Sicilia

279 2764 499 2798 excederent.
547 2766 711 2801 Romanis
737 2778 820 2800 vero
845 2779 912 2801 non
936 2766 1274 2812 obtemperantibus,
1306 2765 1416 2800 Italos
1445 2764 1507 2809 qui
1529 2765 1621 2810 apud
1643 2765 1737 2809 ipsos
