1820 3120
244 65 344 112 552
738 67 966 112 IOANNIS
991 68 1261 115 :zoNfflAE

195 215 204 225 ,
241 180 388 236 θέρος,
422 179 490 221 καὶ
523 178 589 221 διὰ
621 183 741 222 τοῦτο
773 178 862 223 τότε
893 180 964 223 τὸν
987 183 1138 224 Νεῖλον
1167 178 1468 236 πληθύνεσθαιὶ
1503 199 1508 209 “
1534 182 1716 240 usus&

241 251 370 290 ταῦτα
390 244 606 300 Ῥωμαίοις
630 247 914 304 ἃκριβωθῆναι
937 249 980 290 ἐκ
1002 253 1083 292 τῶν
1103 254 1178 303 τῆς
1199 249 1309 294 κάτω
1331 253 1620 309 Μαυρπαιίας
1640 252 1716 302 ἆν-

242 313 437 372 θρώπων,
462 316 691 371 προσοίκων
713 315 838 359 ὄντων
859 321 910 373 τῇ
932 319 1222 369 Μακεννίτιδι,
1250 319 1316 360 καὶ
1332 317 1513 370 επολλοὰς
1528 322 1721 369 -τόιῖἐκᾶ

240 383 598 439 στρατευσαμένων
639 381 849 439 Ῥωμαίων
889 385 1115 442 ἀφικέσθαι
1155 387 1222 428 καὶ
1261 386 1387 456 πρὸς
1385 386 1713 442 1132*ssme

240 456 370 494 ταῦτα
403 452 477 506 μὲν
512 447 583 494 ουν
616 455 705 509 περὶ
738 457 812 496 τοῦ
843 455 993 496 Νείλου
1026 459 1085 512 τῷ
1118 455 1271 507 Δίωνι,
1305 457 1355 497 εἲ
1372 457 1446 498 καὶ
1470 454 1607 508 αλὶῦις
1638 457 1747 512 οὐχὸ

241 519 348 562 οὕτω
371 521 422 562 τὰ
445 522 534 578 περὶ
557 519 702 564 τούτου
725 520 946 577 ιστόρηται.
1468 552 1469 557 =
1516 552 1517 557 =

185 595 215 628 B
376 589 444 630 10.
513 589 775 640 Πλαυτιανὸς
808 591 855 632 δὲ
887 587 1258 646 παραὸυναστεύων
1279 593 1337 647 τῷ
1360 556 1546 649 Σευήρῳ
1544 556 1623 642 nmi-
1639 591 1716 647 τὴν

239 655 495 713 ἐπαρχικην’
482 657 583 711 ἔχων
606 659 790 708 ε’ξουσίαν
812 660 879 701 καὶ
899 660 1068 715 μέγιστα
1091 660 1282 714 δυνηθεὶς
1304 658 1490 710 πολλοὺς
1492 676 1591 702 των
1601 659 1716 711 buo..

35 732 83 766 W
102 733 216 770 {1217
240 726 368 781 γίμων
391 726 550 782 ἀνδρῶν
573 727 640 768 καὶ
663 724 869 782 ὁμοτίμων
893 728 1003 785 αὐτῷ
1026 725 1297 771 ἐθανάτωσεν.
1362 726 1636 783 dini-noted&
1658 727 1716 771 div

239 794 351 850 παρὰ
375 793 535 836 πάντων
557 793 642 851 ᾔτει
652 826 665 846 ,
707 797 774 837 καὶ
808 795 899 838 οὔτε
918 795 1042 845 ἔθνος
1066 795 1158 838 οὔτε
1181 794 1297 838 πόλιν
1321 794 1478 854 ἀφῆκεν.
1497 793 1772 852 &adinvenio

238 865 305 904 καὶ
330 864 493 904 πλείονα
520 863 631 921 αὐτῷ
655 863 800 914 πάντες
824 863 850 919 ἢ
874 869 931 922 τῷ
957 861 1125 922 Σευήρῳ
1149 866 1322 907 ἐδίδουν.
1391 865 1544 918 ἐξέτεμε
1563 865 1714 908 -ὃὲ--καὶ

239 929 485 987 ἀνθριίπους
501 929 726 986 Ῥωμαίους
749 933 815 974 καὶ
840 933 1006 988 εὐγενεῖς
1029 930 1185 984 ἑκατόν,
1231 933 1278 976 οὐ
1301 933 1451 983 παῖδας
1471 931 1596 988 μόνον
1618 933 1714 976 οὐδὲ

237 1000 373 1053 μέντοι
398 998 608 1053 μειράκια,
644 1001 750 1043 ἀλλὰ
772 1003 838 1043 καὶ
863 1001 1015 1058 ἄνδρας
1035 1007 1228 1057 γυναῖκας
1250 1001 1415 1056 ἔχοντας
1427 1000 1587 1053 ,”ὥσθ’
1612 999 1714 1058 59⁴3*

239 1072 341 1110 σθαι
367 1068 462 1118 τοὺς
492 1068 638 1119 αὐτοῦς
668 1071 734 1111 καὶ
759 1069 974 1124 εὐνούχους
999 1071 1065 1111 καὶ
1091 1069 1244 1126 ἄνδρας
1266 1071 1333 1112 καὶ
1356 1070 1532 1125 πατέρας
1555 1068 1715 1126 ἀόρχεις

237 1138 305 1178 καὶ
329 1137 516 1190 ἐκτομίας
538 1139 604 1179 καὶ
628 1139 850 1194 πωγωνίας.
918 1137 996 1196 πρὸ
1031 1139 1074 1180 δὲ
1105 1137 1249 1180 τούτου
1273 1142 1393 1193 κῆτος
1413 1136 1634 1195 ὑπέρογκον
1654 1140 1770 1189 {5915

235 1205 306 1247 τὸν
329 1204 572 1261 Αὐγούστου
597 1207 836 1261 κεκλημένον
860 1207 1000 1261 λιμένα
1023 1205 1203 1257 ἐξώκειλε
1226 1210 1294 1249 καὶ
1317 1205 1437 1258 ἑάλω,
1459 1208 1529 1248 καὶ
1551 1208 1716 1261 μίμημα

186 1280 216 1314 C
242 1273 368 1316 αὐτοῦ’
388 1274 548 1330 γεγονὸς
571 1276 637 1316 καὶ
663 1276 717 1324 εἷς
740 1276 785 1317 τὸ
809 1276 1040 1331 κυνηγέσιον
1065 1276 1255 1329 εἲσαχθέν
1277 1274 1519 1330 πεντήκοντα
1537 1274 1716 1332 ἄρκτους

239 1341 333 1383 εἶ’σω
358 1343 510 1397 λέγεται
536 1343 745 1393 δέξασθαι.
789 1343 861 1398 τὴν
886 1345 930 1386 ὁὲ
953 1348 1027 1386 τοῦ
1048 1346 1312 1387 Πλαυτιανοῦ
1335 1343 1546 1400 θυγατέρα
1569 1345 1716 1386 Πλαν-

237 1412 378 1452 τίλλαν
402 1415 475 1452 τοῦ
499 1409 681 1468 Σευήρου
706 1416 762 1470 τῷ
789 1412 865 1453 vm
891 1412 1111 1469 Ἀντωνίνῳ
1136 1411 1418 1463 συζεύξαντος,
1452 1415 1632 1454 τοσαῦτα
1663 1415 1714 1468 τῇ

236 1476 457 1534 θυγατρὶς
439 1495 459 1520 ο
483 1479 742 1530 Πλαυτιαιός
775 1480 919 1522 εδωκεν
951 1479 1028 1522 ὅσα
1062 1483 1231 1531 πολλαῖς
1259 1482 1517 1534 βασιλίσσαις
1543 1479 1771 1536 {immam

238 1546 301 1588 ἄν.
349 1541 467 1597 οὗτος
489 1545 716 1604 ὑπέρμεγας
738 1548 908 1604 γεγονὼς
931 1550 999 1590 καὶ
1021 1552 1203 1592 πλεῖστον
1227 1550 1417 1604 δυνηθείς
1424 1580 1438 1600 ,
1471 1547 1497 1603 ἢ
1521 1550 1589 1591 καὶ
1610 1546 1712 1605 ὑπὲρ

329 1665 350 1699 1
376 1659 419 1698 δὲ
444 1662 518 1707 Ac,
542 1662 607 1699 καὶ
630 1665 719 1700 PW.
861 1666 883 1700 5
907 1656 998 1711 οὖν]
1023 1656 1092 1700 οὐν
1113 1663 1178 1700 καὶ
1200 1665 1274 1700 AB.
1410 1665 1432 1700 6
1455 1653 1592 1700 τουτου
1616 1643 1719 1700 ΐστό-Δ
1746 1652 1751 1657 '

329 1711 462 1754 ρηται]
487 1707 603 1744 αὐτοῦ
630 1708 844 1755 ὃεᾶιήγηται
866 1711 911 1747 Α.
1052 1712 1097 1747 15
1123 1723 1171 1755 πρ
1177 1708 1196 1746 ὁ
1221 1708 1263 1745 δὲ
1286 1708 1422 1746 τούτου
1447 1723 1466 1745 a
1493 1712 1538 1745 ud
1562 1711 1734 1758 Xiphi1i5

326 1767 407 1790 num
425 1762 480 1791 est
499 1762 583 1792 ante
603 1757 790 1791 Plautiani
805 1768 935 1793 necem.
1030 1757 1073 1792 17
1098 1723 1171 1792 καὶ.
1186 1769 1239 1791 om
1262 1757 1305 1794 A.
1397 1724 1665 1802 2οἷρεσκενΒ

330 1849 600 1930 Ηῖῗιέτιςεὶγ
603 1848 774 1893 Gap.10.
824 1847 951 1882 Dionis
974 1848 1157 1885 Historiae
1179 1848 1365 1884 Romanae
1388 1848 1449 1886 lib.
1472 1841 1519 1884 '75
1543 1861 1573 1887 c.
1599 1849 1646 1884 14
1667 1869 1713 1875 -—

345 1905 356 1927 1
486 1906 503 1928 G

239 1996 318 2030 bus.
365 1995 457 2030 unde
489 1996 626 2031 aestivo
660 1999 816 2042 tempore
847 2008 971 2041 magna
1006 2007 1171 2042 aquarum
1204 1996 1304 2042 copia
1328 1996 1503 2031 defluente
1526 1996 1628 2031 Nilus
1651 2008 1714 2032 ex-

239 2041 357 2077 undet.
408 2046 445 2075 et
469 2043 553 2076 baec
576 2043 749 2077 Romanos
781 2054 825 2076 ex
856 2043 1036 2076 inferioris
1060 2043 1290 2077 Mauritaniae
1311 2042 1504 2077 hominibus
1531 2043 1714 2078 Maoenni-

239 2088 306 2121 tidi
327 2087 480 2122 finitimis
504 2088 735 2134 comperisse,
768 2100 809 2122 ac
840 2089 967 2122 multos
991 2089 1167 2122 Romanos
1191 2089 1365 2123 exercitus
1388 2088 1567 2134 adipsum
1590 2088 1713 2123 Atlan-

238 2137 308 2166 tem
333 2134 549 2178 pervenisse.
596 2134 683 2168 haec
710 2134 753 2168 de
776 2134 857 2168 Nilo
882 2135 975 2168 Dion
1000 2135 1131 2178 refert,
1168 2135 1237 2169 etsi
1269 2134 1329 2169 alii
1359 2134 1502 2169 diversa
1525 2134 1643 2168 eadem
1666 2134 1711 2169 de

239 2190 279 2212 re
302 2179 535 2215 tradiderunt.

378 2226 435 2259 10.
481 2226 665 2259 Caeterum
690 2226 890 2260 Plautianus
913 2226 1135 2271 praefectus,
1168 2225 1307 2271 imperii
1335 2237 1446 2270 paene
1477 2236 1552 2260 cum
1574 2225 1711 2260 Severo

238 2271 416 2316 particeps
444 2274 481 2305 et
504 2282 634 2305 summa
659 2276 833 2316 potestate
858 2272 1046 2315 subnixus,
1081 2272 1205 2305 multos
1240 2272 1351 2305 claros
1378 2271 1478 2306 viros
1500 2276 1537 2305 et
1559 2271 1635 2316 pari
1659 2272 1712 2306 di-

239 2317 377 2360 gnitate
401 2317 581 2362 praeditos
605 2317 804 2360 interfecit,
843 2322 879 2351 et
900 2329 986 2362 prae
1011 2317 1199 2351 insatiabili
1222 2317 1372 2351 avaritia
1395 2318 1439 2351 ab
1465 2317 1622 2351 omnibus
1645 2317 1714 2351 ali-

241 2362 325 2406 quid
358 2363 522 2406 flagitans
557 2374 670 2407 neque
701 2363 915 2408 provinciam
946 2375 1059 2408 neque
1083 2365 1203 2397 urbem
1226 2363 1328 2397 ullam
1353 2362 1587 2408 praetermisit
1608 2374 1714 2407 quam

241 2419 309 2441 non
333 2408 522 2453 spoliaret.
560 2409 652 2443 unde
682 2420 798 2442 omnes
833 2409 866 2443 ei
898 2410 998 2455 plura
1034 2421 1135 2454 quam
1166 2408 1236 2453 ipsi
1267 2408 1400 2442 Severo
1432 2408 1574 2444 dabant.
1619 2409 1713 2443 idem

240 2459 378 2488 centum
412 2455 545 2488 nobiles
578 2454 772 2496 Romanos,
808 2466 876 2488 non
912 2466 1044 2508 pueros
1074 2455 1248 2489 duntaxat
1281 2458 1318 2488 et
1351 2454 1614 2498 adolescentes,
1650 2454 1712 2488 sed

241 2500 384 2534 maritos
409 2501 512 2534 etiam
537 2501 726 2542 castravit,
759 2505 796 2534 ut
819 2501 925 2534 iidem
950 2507 985 2535 et
1010 2500 1080 2534 viri
1104 2506 1141 2534 et
1163 2499 1331 2542 eunuchi,
1363 2504 1400 2533 et
1423 2506 1541 2545 patres
1565 2500 1712 2534 intesta-

242 2545 331 2579 biles
354 2552 390 2580 et
414 2547 562 2581 castrati
584 2546 792 2590 barbatique
818 2547 1111 2592 conspicerentur.
1147 2550 1228 2579 ante
1250 2545 1288 2578 id
1311 2545 1447 2579 facinus
1470 2547 1591 2591 ingens
1615 2549 1714 2579 cetus

242 2590 279 2623 in
302 2591 452 2636 Augusti
485 2596 622 2636 portum
656 2591 791 2625 delatus
824 2597 880 2626 est
912 2598 949 2626 et
981 2597 1122 2637 captus,
1158 2591 1257 2624 cuius
1281 2591 1497 2626 simulacrum
1521 2592 1557 2625 in
1579 2591 1714 2636 amphi-

241 2636 416 2671 theatrum
449 2638 620 2683 perlatum
656 2648 755 2671 ursos
794 2638 1047 2683 quinquaginta
1080 2636 1304 2671 abscondisse
1337 2638 1462 2671 fertur.
1510 2637 1712 2671 Plautianus

242 2693 328 2715 vero
363 2683 454 2717 filiae
481 2684 664 2717 Plautinae
699 2695 719 2716 a
750 2684 884 2717 severo
908 2684 1082 2718 Antonino
1115 2683 1188 2716 filio
1221 2682 1416 2728 desponsae
1447 2686 1582 2719 tantum
1615 2682 1715 2717 dedit

223 2732 408 2773 'quantum
441 2729 572 2773 reginis
602 2729 760 2776 pluribus
790 2730 876 2764 satis
908 2730 1042 2766 suisset.
1091 2728 1151 2774 qui
1175 2739 1251 2763 cum
1276 2728 1503 2775 amplissimus
1527 2729 1712 2772 evasisset,
