1820 3120
291 96 385 142 160
775 99 1001 144 IOANNIS
1036 101 1293 146 ZONARAE

231 219 262 253 Β
285 208 416 264 στόμα
439 213 511 252 τοῦ
531 212 688 265 λιμένος
712 213 986 268 διαλαβόντων
1011 213 1211 267 ἁλύσεσιν,
1250 217 1291 256 ἓν
1310 213 1534 270 περιστάσει
1553 216 1744 272 ἐγένοντο,

283 279 407 336 σοφίᾳ
432 279 476 319 δὲ
499 281 566 321 καὶ
588 279 688 337 τύχῃ
710 284 990 339 περιεγένοντο.
1032 285 1189 339 σπουδῇ
1218 282 1297 340 γὰρ
1320 289 1408 332 ταῖς
1429 281 1593 327 ἁλύσεσι
1615 300 1744 340 προσ-

281 344 478 398 πεσόντες,
513 348 595 390 {nez
612 349 910 405 προσάψασθαι
941 351 1072 394 αὐτῶν
1097 351 1261 404 ἒζιιελλον
1290 350 1328 392 οἱ
1346 349 1509 404 ἐμβολοι
1527 355 1606 394 τῶν
1621 356 1741 406 νηῶν,

282 414 542 470 μετέστησαν
561 418 601 466 ἒς
633 417 706 467 τὰς
737 418 920 475 πρύμνας
951 420 989 461 οἱ
1019 423 1092 461 τοῦ
1116 417 1408 474 πληρώματος,
1450 420 1520 461 καὶ
1545 417 1678 470 οὕτως
1699 419 1742 461 αἱ

283 486 441 539 πρῶραι
474 489 757 540 κουφισθεῖσαι
791 486 995 543 ὗπερῆραν
1029 487 1102 536 τὰς
1137 485 1322 537 ἁλύσεις,
1369 481 1490 536 αὖθις
1525 487 1569 529 δ’
1594 488 1802 537 »ἑς.τὰς5’

281 548 447 607 πρώρας
469 551 599 595 αυτῶν
621 554 987 608 μεταπηδησάντων
1011 573 1052 596 αι
1075 554 1252 611 πρύμναι
1274 559 1354 596 τῶν
1377 557 1553 611 σκαφῶν
1573 555 1740 608 ἐμετεω-

281 619 495 703 ρίσθησαν.
565 623 631 663 καὶ
655 623 937 677 διεξέδραμον,
979 624 1046 664 καὶ
1075 623 1178 677 μετὰ
1199 627 1316 665 τοῦτο
1339 624 1428 679 περὶ
1449 621 1495 666 τὸ
1516 619 1739 697 Πάνορμον

86 692 131 726 W
157 692 189 727 [Ι
212 691 258 728 64
280 688 397 729 ναυσὶ
424 689 726 744 Καρχηδονίους
748 691 942 744 ἐνίκησαν.

418 756 470 797 Οἱ
493 756 536 798 δ’
562 755 707 799 ν’πατοι
720 789 732 808 ,
769 759 977 808 ΖΜῐέτελλος
999 775 1071 811 μεν
1095 759 1306 807 Καικίλιος
1327 758 1416 814 περὶ
1438 756 1484 800 τὸ
1482 720 1738 811 Λιλύβαιον

275 817 347 876 ἦν,
381 825 609 880 Νουμέριος
641 826 685 866 δὲ
711 824 869 878 Φάβιος
898 830 956 868 τῶ
977 825 1178 884 Δρεπάνῳ
1209 823 1459 883 προσήδρευε
1481 827 1562 868 καὶ
1560 824 1736 879 ἕπεβού-
1747 838 1793 872 10

277 893 392 932 λευσε
426 897 474 947 τῇ
506 894 638 946 νησῖδι
671 898 721 949 τῇ
751 891 926 935 Πελιάδι
960 895 1207 950 καλουμένῃ,
1249 894 1590 950 προκατειλημένῃ
1625 895 1738 951 παρὰ

225 961 256 995 C
281 959 584 1014 Καρχηδονίων,
611 959 858 1017 στρατιώτας
878 962 1045 1015 πέμψας
1066 961 1219 1013 νυκτός,
1244 963 1289 1003 οἳ
1304 961 1737 1019 τοὺςφρουρῡὺςικτεί-

273 1043 410 1076 ναντες
432 1027 505 1081 τὴν
528 1033 647 1082 νῆσον
672 1027 787 1071 εἷλον.
856 1028 879 1071 ὃ
901 1029 1051 1083 μαθών
1068 1031 1257 1084 Ἀμίλκας
1289 1030 1416 1071 ἕωθεν
1437 1035 1519 1090 τοῖς
1540 1032 1737 1085 διαβεβη-

271 1092 383 1136 κόσιν
405 1096 570 1138 ἐπέθετο
586 1110 596 1120 ·
633 1093 692 1147 οἷς
711 1098 782 1139 οὐκ
806 1097 907 1151 ἔχων
929 1098 1078 1152 ἀμῦναι
1102 1096 1295 1150 ὃΦάβιος
1316 1102 1374 1156 τῷ
1383 1096 1584 1156 Δρεπάνῳ
1607 1114 1735 1155 προσ-

273 1163 429 1215 έμιξεν,
478 1162 532 1213 ὡς
561 1163 587 1218 ἢ
620 1165 692 1219 τὴν
723 1163 838 1207 πόλιν
871 1166 931 1207 δι’
959 1167 1126 1222 ἐρημίαν
1162 1164 1341 1222 αἱρήσων
1370 1165 1397 1220 ἢ
1430 1163 1647 1220 τῆςνήσον
1665 1167 1734 1210 τὸν
1745 1178 1790 1212 15

268 1229 456 1284 Ἀμίλκαν
479 1230 656 1282 ἀπάξων.
725 1236 790 1275 καὶ
816 1233 978 1288 ἠνύσθη
1002 1235 1047 1276 τὸ
1073 1236 1134 1276 ἓν·
1182 1236 1383 1291 φοβηθεὶς
1404 1233 1482 1290 γὰρ
1505 1231 1736 1288 ὃἈμίλκας

272 1298 521 1356 ἀνεχώρησεν
557 1303 613 1350 εἰς
641 1300 686 1343 τὸ
720 1307 860 1354 τεῖχος.
929 1303 995 1343 καὶ
1019 1300 1039 1343 ὃ
1069 1300 1227 1354 Φάβιος
1249 1301 1321 1355 τὴν
1345 1300 1532 1343 Πελιάδα
1552 1303 1733 1357 κατέσχε,

270 1368 338 1408 καὶ
361 1367 405 1409 τὸ
428 1368 578 1422 μεταξὺ
601 1367 750 1423 ταύτης
766 1371 832 1411 καὶ
852 1374 922 1423 τῆς
938 1369 1102 1426 ἠπείρου
1121 1369 1256 1412 στενὸν
1272 1371 1340 1411 καὶ
1353 1371 1572 1424 τεναγῶδες
1582 1370 1733 1426 τυγχά-

271 1451 340 1476 νον
365 1434 574 1490 συγχώσας
595 1437 813 1493 ἦπείρωσε,
858 1439 926 1479 καὶ
956 1437 1054 1496 ῥᾷον
1076 1438 1363 1493 προσεπολέμει
1385 1441 1457 1479 τοῦ
1478 1438 1739 1491 τείχουςέκεῖ

269 1501 383 1553 ὄντος
405 1503 707 1561 ἀσθενεστέρου.
775 1507 841 1547 καὶ
864 1506 902 1547 οἳ
924 1504 1198 1562 Καρχηδόνιοι
1230 1505 1358 1559 συχνὰ
1378 1503 1636 1562 παρελύπουν
1657 1507 1787 1553 (εὗ-20

214 1579 247 1613 D
270 1570 364 1620 τοὺς
387 1573 442 1621 εἷς
462 1574 645 1614 Σικελίαν
676 1590 718 1615 τε
740 1574 1011 1628 περιπλέοντες
1042 1576 1108 1615 καὶ
1132 1576 1187 1624 εἷς
1209 1575 1281 1629 τὴν
1298 1574 1469 1616 Ἰταλίαν
1491 1573 1732 1630 περαιούμε-

268 1655 342 1680 νοι.
409 1639 505 1690 τοὺς
540 1640 581 1682 δ’
616 1640 896 1695 αἷχμαλώτους
927 1640 1111 1696 ἀλλήλων
1145 1642 1274 1700 ἄνδρα
1308 1642 1399 1684 ἀντ’
1427 1642 1573 1700 ἀνδρὸς
1603 1642 1731 1703 ἠλλά-

355 1792 378 1827 6
403 1788 716 1837 ἐμετεωρίσθησαν
737 1794 788 1837 Α,
822 1794 1120 1838 μετεωρίσθησαν
1148 1795 1238 1828 PW.
1385 1796 1408 1829 7
1429 1804 1458 1827 π
1459 1787 1534 1840 ερὶ]
1558 1792 1661 1840 παρὰ
1683 1796 1726 1831 Β.

355 1838 379 1871 8
402 1834 544 1893 ἐνίκησε
567 1839 609 1874 Α.
746 1841 768 1873 9
791 1838 856 1873 καὶ
877 1839 1011 1878 κίλλιος
1032 1840 1136 1876 ABG.
1273 1840 1321 1873 20
1341 1805 1621 1884 ἀσθενεστέρου.
1664 1841 1730 1875 καὶ

355 1879 599 1964 ῧῑέοἶέἒίῗὲἑπ
622 1883 760 1919 mutilus
793 1885 849 1918 hic
879 1881 1332 1920 locus”WonF1us.“sic
1355 1889 1470 1920 tamen
1491 1898 1608 1922 omues
1631 1884 1727 1922 mss’'

265 2076 310 2099 ex
339 2075 461 2109 magno
485 2065 641 2110 periculo
666 2070 743 2100 arte
767 2071 810 2100 et.
826 2068 967 2101 fortuna
988 2072 1190 2103 evaserunt.
1235 2079 1312 2102 nam
1342 2068 1551 2102 festinanter
1570 2068 1610 2102 in·
1629 2073 1725 2103 cate-

263 2123 326 2144 nas
349 2110 494 2153 invecti,
517 2122 592 2144 cum
616 2123 675 2145 eas
692 2117 810 2146 rostra
824 2114 962 2147 navium
976 2114 1110 2147 iamiam
1127 2114 1353 2158 attingerent,
1376 2115 1413 2147 in
1428 2125 1563 2167 puppes
1577 2114 1726 2148 transie—

262 2161 362 2190 runt·
395 2156 447 2190 ita
478 2167 604 2201 prorae
635 2157 774 2192 levatae
809 2165 950 2193 catenas
972 2165 1198 2213 superarunt·
1233 2170 1376 2204 cumque
1397 2170 1518 2194 rursus
1541 2159 1576 2192 in
1601 2172 1724 2205 proras

262 2201 558 2245 transsiluissent‚
590 2213 724 2247 puppes
754 2204 893 2239 levatae
926 2211 1018 2239 sunt.
1066 2204 1118 2238 sic
1149 2205 1256 2250 elapsi
1287 2210 1412 2250 postea
1443 2206 1487 2239 ad
1521 2206 1723 2240 Panormum

262 2247 571 2291 Carthaginienses
594 2249 712 2282 navali
733 2250 867 2294 praelio
891 2251 1066 2285 vicerunt.

399 2294 589 2327 Consulum
621 2295 710 2327 alter
734 2295 907 2330 Caecilius
931 2296 1094 2330 Metellus
1116 2296 1160 2330 ad
1185 2295 1388 2338 Lilybaeum
1411 2295 1502 2338 fuit,
1537 2295 1626 2330 alter
1649 2297 1725 2330 Nu-

260 2339 386 2373 merius
410 2339 544 2373 Fabius
568 2339 764 2384 Drepanum
789 2342 925 2375 obsedit
947 2347 984 2375 et
1006 2342 1140 2375 insulae
1157 2341 1400 2375 columban-iae
1419 2353 1439 2375 a
1457 2342 1722 2397 Carthaginien-

261 2384 357 2418 sibus
390 2391 666 2429 praeoccupatae
697 2391 801 2420 noctu
832 2387 943 2421 missis
974 2387 1138 2421 militibus
1175 2391 1230 2420 est
1262 2387 1457 2421 insidiatus.
1515 2388 1583 2432 qui
1610 2388 1724 2422 occiso

260 2429 436 2475 praesidio
466 2430 609 2464 insulam
643 2438 868 2476 occuparunt.
916 2445 989 2468 cum
1020 2437 1133 2467 autem
1157 2432 1355 2466 Hamilcare
1378 2441 1478 2466 mane
1500 2438 1623 2466 contra
1644 2433 1723 2466 illos

240 2477 418 2519 'profecto
441 2475 572 2510 Fabius
603 2477 671 2510 illis
698 2489 795 2522 opem
819 2479 913 2512 ferre
936 2490 1002 2512 non
1025 2483 1164 2523 posset,
1189 2478 1387 2522 Drepanum
1410 2479 1563 2521 invasit,
1597 2485 1635 2512 ut
1661 2487 1722 2512 aut

260 2523 380 2555 urbem
404 2533 469 2565 per
491 2522 588 2556 ducis
611 2523 797 2557 absentiam
822 2529 964 2568 caperet
985 2530 1047 2558 aut
1068 2524 1161 2558 illum
1185 2524 1229 2556 ab
1253 2524 1365 2558 insula
1379 2524 1609 2559 abstraheret.
1658 2523 1723 2557 ho—

259 2577 336 2600 rum
361 2567 506 2601 alterum
531 2568 562 2600 ei
584 2569 771 2602 successit:
795 2570 973 2604 Hamilcar
995 2569 1083 2603 enim
1105 2570 1250 2602 territus
1272 2569 1309 2603 in
1334 2569 1558 2603 munitionem
1570 2579 1609 2602 se
1622 2580 1721 2602 rece—

261 2612 328 2656 pit.
377 2612 508 2647 Fabius
540 2614 794 2648 Columbariam
829 2616 956 2658 tenuit,
990 2621 1025 2649 et
1057 2615 1236 2659 angustias
1268 2615 1481 2659 paludesque
1514 2615 1718 2648 interiectas

261 2658 448 2701 aggeribus
472 2658 663 2693 continenti
687 2660 814 2695 iunxit.
843 2661 896 2695 ita
918 2661 1053 2695 facilior
1074 2662 1168 2694 facta
1191 2661 1416 2705 oppugnatio,
1441 2670 1516 2693 cum
1538 2660 1587 2692 ibi
1602 2671 1718 2693 murus

261 2709 356 2736 esset
380 2703 559 2738 infirmior,
608 2705 913 2750 Carthaginienses
936 2710 1047 2741 autem
1071 2706 1120 2739 eis
1143 2707 1267 2739 crebra
1291 2707 1496 2740 detrimenta
1510 2705 1716 2748 inferebant,

261 2758 352 2782 nunc
382 2748 419 2782 in
444 2749 596 2785 Siciliam
615 2762 705 2785 nunc
727 2752 764 2785 in
789 2752 922 2787 Italiam
952 2751 1166 2787 traiiciendo.
1214 2752 1369 2797 captivos
1390 2751 1520 2785 viritim
1541 2756 1718 2796 permuta—
