1794 3120
200 84 206 90 ’
274 95 343 143 48
745 98 970 145 ιοΑΝΝῙε
1003 79 1259 146 '2onss

275 210 298 254 ὃ
325 209 585 263 Ποπλικόλας
608 209 780 267 μαθών,
813 213 988 268 τεχνίτας
1011 200 1217 264 πλείστους
1234 213 1466 270 συναγαγὼν
1489 215 1628 265 νυκτὸς
1643 233 1719 259 κα-

276 280 418 333 τέβαλε
447 279 518 335 τὴν
535 282 660 323 οἰκίαν
677 282 742 323 καὶ
759 280 906 335 ταύτην
921 281 1182 336 κατέσκαψεν,
1216 279 1316 324 ὥστε
1333 281 1434 336 μεθ’
1459 279 1612 340 ἡμέραν
1629 283 1720 334 τοὺς

268 345 499 401 ζΡωμαίους
527 349 746 403 βλέποντας
773 348 818 391 τὸ
846 347 1053 405 γενόμενον
1079 349 1152 404 τὴν
1176 349 1249 403 μὲν
1271 352 1343 391 τοῦ
1373 348 1520 406 ἀνδρὸς
1546 354 1719 406 μεγαλο-

272 414 475 473 φροσύνην
502 415 738 471 θαυμάζειν,
769 415 975 470 ἄχθεσθαι
991 418 1030 458 δ’
1051 415 1150 473 ὖπὲρ
1169 421 1242 472 τῆς
1258 417 1384 466 οἶκίας
1401 417 1470 459 διὰ
1487 417 1533 460 τὸ
1548 419 1720 474 μέγεθος
1776 461 1785 471 Ι

271 486 338 525 καὶ
356 484 401 526 τὸ
417 483 574 535 κάλλος.
643 487 710 527 καὶ
726 485 820 534 τοὺς
837 485 1007 534 πελέκεις
1026 485 1069 527 δὲ
1086 489 1164 528 τῶν
1182 484 1344 542 ῥάβδων
1363 484 1567 539 ἀπέλυσεν,
1594 484 1752 536 atini&

218 556 250 591 1)
274 569 315 594 τε
342 552 415 603 τὰς
438 551 614 610 ῥάβδους
642 556 697 603 εἷς
720 553 928 607 ἐκκλησίαν
953 552 1107 609 παριὼν
1132 552 1265 610 ἀφῆκε
1289 556 1348 610 τῷ
1366 550 1496 610 δήμῳ.
1562 555 1629 596 καὶ
1646 554 1722 608 τὴν

269 624 348 663 τῶν
369 621 587 677 χρημάτων
617 622 807 676 διοίκησιν
834 619 970 670 ἄλλοις
994 620 1221 674 ἀπένειμεν,
1252 621 1320 662 ἵνα
1336 619 1394 674 μὴ
1411 618 1562 665 τούτων
1579 622 1722 678 ἐγκρα-
1783 665 1787 669 ,

264 695 344 738 τεῖς
370 688 479 739 ὄντες
508 689 545 731 οἱ
570 687 830 738 ὑπατεύοντες
854 687 957 743 μέγα
985 685 1192 730 δύνωνται.
1259 686 1323 730 ὅτε
1349 692 1508 744 πρῶτον
1527 689 1566 731 οἵ
1580 691 1721 743 ταμίαι

264 758 446 812 γίνεσθαι
477 756 671 814 ἤρξαντο·
717 757 969 812 κοιαίστορας
999 755 1040 796 δ’
1069 754 1237 798 ἐκάλουν
1267 753 1425 805 αὐτούς.
1495 755 1540 798 οἳ
1563 759 1721 812 πρῶτον

259 826 336 879 μὲν
367 825 440 875 τὰς
469 826 722 879 θανασίμους
747 824 859 874 δίκας
886 824 1088 874 ἐδίκαζον,
1131 822 1229 866 ὅθεν
1257 825 1323 865 καὶ
1349 824 1421 878 τὴν
1451 825 1776 882 προσηγοριάνζῑο

265 891 414 947 ταύτην
441 893 509 934 διὰ
533 892 607 941 τὰς
633 892 859 946 ἀνακρίσεις
883 889 1073 945 ἐσχήκασι
1098 893 1164 933 καὶ
1191 891 1259 933 διὰ
1285 891 1359 946 τὴν
1376 895 1449 946 τῆς
1466 891 1662 947 ἀληθείας
1677 894 1721 935 ἐκ
1757 888 1765 896 ’

265 963 344 1001 τῶν
359 959 604 1015 ἀνακρίσεων
623 957 805 1013 ζήτησιν·
838 957 1005 1014 ὕστερον
1023 958 1146 999 δὲκαὶ
1163 959 1235 1013 τὴν
1251 963 1330 1001 τῶν
1348 963 1488 1002 κοινῶν
1500 958 1722 1017 χρημάτων

265 1029 457 1082 διοίκησιν
475 1027 616 1082 ἔλαχον
630 1059 643 1079 ,
676 1030 745 1069 καὶ
770 1026 912 1079 ταμίαι
927 1024 1343 1080 προσωνομάσθησαν.
1409 1026 1511 1081 μετὰ
1526 1031 1655 1070 ταῦτα
1673 1028 1716 1070 δ’,

265 1094 413 1152 ἑτέροις
438 1096 511 1148 μὲν
540 1094 737 1152 ἐπετράπη
765 1094 816 1137 τὰ
848 1091 1107 1148 δικαστήρια,
1157 1094 1296 1136 ἐκεῖνοι
1324 1093 1370 1137 δὲ
1396 1098 1476 1136 τῶν
1498 1093 1719 1150 χρημάτων

195 1179 204 1185 “
261 1158 366 1218 ἦσαν
393 1164 603 1217 ὃιυικηταί.
671 1163 850 1214 ἀπέδειξε
877 1161 920 1202 δὲ
939 1159 1069 1218 ἑαυτῷ
1086 1153 1339 1218 συνάρχοντα
1358 1160 1427 1204 τὸν
1445 1165 1517 1217 τῆς
1531 1164 1715 1220 Λουκρι-
1730 1171 1772 1220 15

264 1232 353 1282 τίας
371 1232 523 1287 πατέρα
540 1232 801 1287 Λουκρίτιον.
838 1229 942 1285 ταχὺ
960 1229 1004 1271 δὲ
1021 1227 1164 1270 τούτου
1177 1228 1377 1279 θανόντος
1394 1227 1524 1286 ᾑρέθη
1541 1229 1720 1288 Μάρκος

77 1309 106 1343 Ρ
129 1308 147 1343 Ι
171 1307 239 1345 337
256 1297 447 1356 (Οράτιος
467 1297 676 1354 συνάρχειν
696 1299 806 1357 αὐτῷ
822 1297 891 1340 τὸν
906 1295 1127 1340 ὑπόλοιπον
1143 1297 1283 1353 καιρὸν
1300 1301 1373 1339 τοῦ
1389 1298 1582 1341 ἐνιαυτοῦ.
1651 1299 1718 1341 αἶ·-

260 1369 394 1427 ρεθεὶς
412 1368 456 1410 δὲ
475 1369 540 1409 καὶ
561 1361 683 1418 αὖθις
698 1366 850 1417 ὕπατος
868 1363 890 1408 ὅ
907 1362 1169 1415 Ποπλικόλας
1187 1365 1275 1420 ἴσχε
1297 1363 1620 1410 συνυπατεύοντα
1641 1367 1717 1408 Τί-

258 1454 328 1479 τον
343 1435 605 1492 Λουκρίτιον.

399 1503 522 1547 Μετὰ
552 1503 596 1545 δὲ
622 1506 750 1544 ταῦτα
768 1501 951 1555 Σαβίνων
976 1497 1233 1554 ἐμβαλόντων
1252 1502 1308 1550 εἲς
1323 1498 1397 1555 τὴν
1407 1497 1548 1558 χώραν
1563 1498 1714 1551 ὕπατος
1723 1507 1771 1543 20

259 1572 472 1625 ἀνεδείχθη
501 1569 678 1626 Μάρκος
709 1569 952 1624 Οὐαλλέριος
977 1568 1154 1627 ἀδελφὸς
1179 1567 1418 1611 Ποπλικόλα
1443 1570 1510 1610 καὶ
1526 1568 1717 1612 Ποστού-

263 1657 355 1695 μιος
374 1637 614 1695 Τούβερτος.
666 1637 946 1694 πραττομένων
965 1638 1007 1678 ὁὲ
1024 1641 1104 1679 τῶν
1121 1637 1304 1690 πολέμων
1321 1634 1459 1692 γνώμῃ
1477 1637 1544 1678 καὶ
1563 1653 1719 1692 παρου-

262 1709 331 1768 σία
354 1711 425 1750 τοῦ
452 1704 713 1762 Ποπλικόλα,
750 1707 840 1748 ὃυσὶ
865 1703 1016 1759 μάχαις
1043 1703 1065 1746 ὃ
1096 1704 1272 1762 Μάρκος
1298 1705 1494 1758 ἐνίκησεν,
1528 1697 1584 1746 ὧν
1607 1705 1648 1746 ἐν
1666 1709 1718 1761 τῇ
1787 1749 1789 1752 ,

352 1816 375 1850 3
399 1810 598 1860 βλέποντας
620 1808 705 1850 τοὺς
729 1807 910 1856 ᾇωμαίους
923 1810 968 1844 Β.
1067 1805 1224 1853 δῦφῆκε
1244 1807 1465 1843 Plutarchus.
1602 1809 1625 1846 9
1647 1806 1713 1854 ἥρ-

349 1859 462 1901 ξαντο
486 1858 654 1902 γίνεσθαι,
679 1858 722 1891 A.
868 1854 1120 1898 Κοιαίστωρας
1141 1855 1229 1889 PW.
1367 1855 1410 1888 11
1433 1858 1515 1899 post
1536 1851 1716 1899 ἀληθείας

350 1905 434 1940 PW·
451 1905 518 1938 aud
540 1903 615 1946 τῆς,
639 1914 692 1936 om
715 1902 756 1938 A.
902 1898 943 1935 ἐκ
966 1912 1020 1934 om
1043 1901 1083 1934 A.
1230 1901 1275 1935 12
1296 1897 1492 1944 χρημάτων
1512 1900 1645 1935 κοινῶν
1668 1901 1714 1935 O.

353 1951 399 1986 18
415 1948 476 1983 καὶ
500 1942 611 1987 αὖθις
632 1944 674 1981 δὲ
700 1948 740 1991 Β,
765 1941 806 1979 δὲ
831 1938 943 1985 αὖθις
965 1947 1007 1984 C.
1192 1946 1236 1979 21
1266 1941 1470 1990 ἀπεδείχθη
1492 1946 1712 1980 Plutarchus.

348 1991 541 2038 οὗαλέριος
562 1993 603 2027 Β.
746 1991 790 2026 22
814 1988 1003 2037 πολέμων]
1027 1991 1200 2037 μεγίστων
1223 1990 1443 2028 Plutarchus.

258 2083 440 2120 Publicola
471 2084 609 2128 cognito
634 2082 784 2128 plurimis
806 2081 990 2127 opificibus
1012 2081 1189 2116 arcessitis
1213 2080 1316 2115 aedes
1338 2083 1442 2115 noctu
1464 2079 1638 2115 destruxit
1658 2084 1715 2115 at·

259 2143 329 2177 que
352 2128 501 2170 evertit;
532 2135 571 2163 ut
597 2129 740 2163 Romani
772 2139 869 2162 mane
896 2128 932 2161 id
955 2128 1117 2162 videntes
1140 2126 1240 2161 simul
1263 2131 1297 2160 et
1319 2126 1587 2170 magnitudinem
1608 2125 1713 2159 animi

261 2177 336 2211 eius
355 2175 563 2209 mirarentur
597 2180 631 2208 et
661 2179 794 2208 tantam
819 2179 957 2218 tamque
980 2172 1192 2219 praeclaram
1214 2172 1347 2206 domum
1371 2183 1528 2206 eversam
1551 2182 1628 2205 esse
1650 2171 1714 2205 do-

260 2222 384 2258 lerent.
432 2231 572 2254 secures
597 2231 734 2264 quoque
758 2231 778 2253 a
801 2219 953 2253 fascibus
977 2219 1142 2258 removit3
1167 2221 1204 2251 et
1224 2218 1337 2251 fasces
1360 2216 1466 2261 ipsos,
1489 2222 1559 2251 tum
1575 2217 1610 2250 in
1627 2227 1713 2250 con-

258 2268 389 2302 tionem
413 2265 587 2311 prodibat,
609 2265 733 2310 populo
757 2265 930 2301 submisit.
977 2264 1143 2309 pecuniae
1164 2263 1247 2297 item
1267 2262 1507 2296 tractationem
1525 2261 1601 2296 aliis
1616 2273 1715 2296 man-

260 2313 379 2354 davit,
407 2323 454 2345 ⁴ne
478 2311 648 2345 consulum
674 2322 735 2356 per
757 2322 832 2345 eam
855 2310 1013 2356 potentia
1034 2313 1239 2354 augeretur,
1262 2311 1333 2342 tum
1357 2307 1500 2352 primum
1522 2307 1713 2354 quaestori-

258 2360 325 2393 bus
358 2356 561 2400 designatis.
607 2356 631 2389 ii
665 2356 834 2401 principio
869 2366 1045 2390 causarum
1077 2354 1273 2398 capitalium
1303 2353 1492 2397 cognitioni
1514 2353 1712 2398 praefuere,

261 2405 305 2438 ab
331 2402 555 2448 inquisitione
576 2401 737 2436 veritatis
761 2403 976 2447 quaesitores
999 2399 1184 2446 appellati:
1208 2398 1334 2433 deinde
1355 2399 1458 2433 etiam
1481 2398 1615 2434 serario
1631 2403 1712 2432 sunt

259 2447 442 2495 praefecti,
487 2452 609 2493 postea
631 2446 766 2481 iudiciis
789 2447 933 2481 aliorum
954 2457 1057 2487 curae
1078 2444 1265 2479 commissis
1294 2443 1344 2478 illi
1368 2444 1522 2489 publicas
1546 2443 1713 2490 pecunias

259 2494 559 2530 administrabant.
616 2492 779 2537 collegam
819 2494 886 2528 sibi
926 2491 1072 2527 adscivit
1104 2490 1291 2524 Lucretiae
1332 2496 1465 2534 patrem
1496 2489 1708 2524 Lucretium.

260 2551 329 2584 quo
350 2539 453 2574 brevi
478 2542 612 2573 mortuo
635 2538 687 2574 M.
712 2538 877 2572 Horatius
909 2538 945 2572 in
977 2538 1067 2571 illius
1099 2536 1210 2570 locum
1239 2535 1406 2569 suffectus
1429 2534 1597 2580 reliquum
1619 2538 1712 2568 tem-

259 2586 357 2630 poris
381 2584 501 2619 consul
521 2583 600 2620 fuit.
644 2583 823 2619 Publicola
845 2594 964 2619 rursus
986 2582 1102 2617 consul
1124 2583 1237 2616 factus
1261 2581 1421 2626 collegam
1443 2580 1562 2614 habuit
1576 2581 1622 2615 T.
1639 2579 1710 2612 Lu-

262 2630 418 2665 cretium.

395 2675 530 2708 Deinde
552 2685 627 2709 cum
651 2674 773 2708 Sabini
794 2674 830 2708 in
854 2685 973 2719 agrum
994 2673 1181 2707 Romanum
1203 2671 1385 2706 duxissent
1406 2670 1606 2710 exercitum,
1627 2678 1710 2701 con-

260 2721 352 2755 sules
377 2720 547 2766 designati
579 2725 659 2754 sunt
680 2720 731 2754 M.
755 2720 916 2754 Valerius
938 2718 1133 2753 Publicolae
1161 2719 1275 2751 frater
1299 2723 1335 2752 et
1354 2716 1545 2751 Postumius
1569 2713 1709 2747 Tuber-

258 2772 330 2801 tus.
379 2767 441 2801 sed
473 2777 549 2800 cum
575 2777 631 2800 res
661 2764 807 2800 bellicae
829 2764 970 2800 consilio
994 2768 1030 2799 et
1051 2763 1249 2810 praesentia
1269 2763 1468 2798 Publicolae
1490 2758 1709 2794 administra-
