1820 3120
295 98 390 144 176
766 97 991 144 IOANNIS
1019 97 1279 144 'ZONARAE

292 210 362 252 διὰ
383 214 501 252 τοῦτο
520 209 569 252 τά
593 227 634 254 τε
659 210 761 255 ἄλλα
784 215 851 256 καὶ
873 210 923 257 τὰ
940 208 1110 268 πολὲμια
1127 212 1184 256 ἔτι
1201 208 1493 267 μᾶλλον-αὐτὸν
1509 210 1751 267 ἐξεδίδασκὲ,

290 280 637 334 πεντεκαιδεκαετῆ
669 280 790 323 ὄντα·
824 282 936 325 Ιὅθεν
971 283 1043 324 οὐκ
1082 280 1268 336 ἠδυνήθη
1302 281 1501 333 θανόντος
1537 284 1648 342 αὐτῷ
1679 289 1753 327 τοῦ

289 346 442 402 πατρὸς
464 347 536 402 τὴν
558 351 800 405 στρατηγίαν
824 351 1103 402 διαδέξασθαι.
1172 352 1253 392 ἐπεὶ
1282 351 1326 392 δὲ
1357 349 1378 392 ὃ
1395 351 1646 408 Ἀσδρούβας
1667 354 1751 395 ἐτε-

289 413 495 469 λεύτησεν,
542 417 670 459 οὐκέτι
703 419 941 473 ἐμέλλησεν,
983 417 1027 469 (ἐξ
1061 421 1127 460 καὶ
1161 418 1306 460 εἴκοσιν
1338 420 1436 461 ἐτῶν
1458 417 1547 462 τότε
1566 419 1750 476 γεγονώς,

288 482 392 524 ἀλλὰ
425 481 471 526 τό
502 501 543 526 τε
578 484 806 542 στράτευμα
840 489 881 529 ἐν
911 492 960 543 τῇ
988 487 1143 545 Ἰβηρίᾳ
1175 487 1317 529 αὐτίκα
1348 486 1647 543 προκατέλαβε,
1681 491 1781 533 καὶὸ

103 565 132 598 Ρ
155 565 171 598 1
196 563 264 600 406
287 551 510 608 στρατηγὸς
541 550 614 594 ὑπ’
640 554 771 596 αὐτῶν
803 555 1055 608 ἀναδειχθεὶς
1078 553 1303 612 διῳκήσατο
1327 557 1398 597 καὶ»
1417 555 1529 611 παρὰ
1546 551 1628 598 τῶν
1646 552 1750 598 οἴκοι

286 624 410 662 τελῶν
431 625 710 676 βεβαιωθῆναι
734 622 844 680 αὐτῷ
866 623 938 676 τὴν
960 621 1186 677 ἡγεμονίαν.
1240 621 1411 676 ’πράξας
1433 624 1477 665 δὲ
1498 628 1627 666 ταῦτα
1647 638 1749 680 προ·

287 686 448 744 φάσεως
473 689 690 744 εὐπρεποῦς
712 691 834 732 ἐδεῖτο
861 693 915 740 εἷς
937 691 1009 745 τὴν
1032 690 1135 733 κατὰ
1159 688 1366 744 Ῥωμαίων
1384 689 1537 748 ὁρμήν,
1561 693 1628 734 καὶ
1649 690 1749 734 ταύ-

227 771 229 776 ’
284 773 357 811 την
389 755 602 811 ἐποιήσατο
635 757 729 807 τοὺς
764 759 804 799 ἐν
838 763 889 814 τῇ
916 758 1070 818 Ἰβηρίᾳ
1099 761 1371 809 Ζακυνθίους.
1447 753 1556 802 οὗτοι
1587 758 1666 816 γὰρ
1701 759 1749 802 οὗ

284 822 423 881 πόρρω
457 829 529 866 τοῦ
557 830 745 879 ποταμοῦ
780 829 1081 876 οἳκοῦντες,τοῦ
1106 827 1288 883 Ἴβηρος,
1323 827 1406 869 ἄνω
1438 832 1511 882 τῆς
1531 826 1746 883 θαλάσσης
1758 838 1804 874 10

275 891 419 953 βραχύ
431 924 445 943 ,
493 899 576 942 τοῖς
593 891 804 947 Ῥωμαίοις
826 895 1101 949 προσέκειντο,
1146 896 1318 937 κάκεῖνοι
1342 897 1408 938 καὶ
1431 897 1575 949 ἐτίμων
1599 896 1749 945 αὖτοὺς

283 961 349 1000 καὶ
383 961 422 1001 ἒν
456 966 542 1009 ταῖς
572 960 673 1016 πρὸς
703 962 798 1012 τοὺς
822 964 1126 1018 Καρχηδονίους
1153 963 1379 1018 συνθήκαις
1402 964 1625 1020 ἐξαιρέτους
1654 965 1746 1006 «ἔπιεὁ

281 1025 512 1082 ποιήκεσαν.
583 1030 647 1070 διὰ
671 1030 788 1072 ταῦτ’
809 1025 880 1072 οὖν
899 1029 920 1072 ὃ
933 1031 1116 1084 Ἀννίβας
1131 1030 1304 1085 πόλεμον
1320 1025 1570 1087 ἤρατσπρὸς
1584 1030 1747 1083 αὐτούς,

284 1096 399 1146 εἷὸὠς
426 1095 485 1138 ὅτι
514 1095 540 1150 ἢ
567 1097 899 1154 ἓπικουρήσυυσιν
926 1099 963 1140 οἳ
983 1097 1173 1153 Ῥωμαῖοι
1200 1106 1284 1149 τοῖς
1307 1101 1555 1150 Ζακυνθίοις
1578 1097 1606 1155 ἢ
1623 1101 1694 1142 καί
1706 1111 1746 1142 τι

281 1168 464 1206 παθοῦσι
483 1164 771 1222 τιμωρήσουσι.
840 1166 909 1209 διά
926 1185 967 1209 «τε
987 1162 1057 1209 οὖν
1073 1171 1203 1210 ταῦτα
1222 1169 1288 1209 καὶ
1307 1166 1368 1210 ὅτι
1392 1169 1459 1210 καὶ
1477 1169 1603 1224 μέγαν
1619 1171 1743 1210 πλοῦ·
1754 1178 1800 1214 15

228 1247 257 1280 Β
281 1249 349 1274 τον
376 1237 596 1287 κεκτῆσθαι
616 1234 762 1285 αὐτοὺς
788 1237 1016 1290 ἐγίνωσκεν,
1047 1230 1096 1278 οὗ
1112 1237 1177 1277 καὶ
1193 1235 1370 1290 μάλιστα
1388 1236 1526 1293 ἔχρῃζε
1538 1267 1551 1287 ,
1585 1237 1651 1278 καὶ
1679 1236 1740 1278 διῗ

281 1301 395 1356 Ξ-’τερα
423 1301 530 1343 αἶ’τια
559 1302 662 1344 κατὰ
684 1301 892 1357 Ῥωμαίων
920 1304 1031 1361 αὐτῷ
1056 1303 1369 1358 συμβαλλόμενα
1396 1312 1480 1354 τοῖς
1497 1306 1746 1354 Ζακυνθιόις

279 1369 459 1411 ἐπέθετο.

410 1436 472 1478 ‘H
499 1437 542 1478 δ’
563 1437 731 1494 Ἰβηρία,
767 1439 806 1480 ἓν
830 1432 857 1495 ᾖ
882 1439 919 1480 οἱ
942 1438 1168 1482 Ζακύνθιοι
1193 1443 1344 1482 οἷκοῦσι
1355 1472 1368 1491 ,
1403 1441 1470 1482 καὶ
1495 1438 1521 1495 ἦ
1544 1435 1742 1495 προσεχὴς

279 1505 381 1563 αὐτῇ
414 1509 527 1548 πᾶσα
561 1505 601 1548 ἴν
632 1524 674 1549 τε
700 1511 749 1563 τῇ
777 1506 954 1563 Εὐρώπῃ
986 1507 1087 1563 πρὸς
1118 1507 1277 1563 δυσμάς
1308 1510 1416 1560 ἔστι,
1457 1509 1525 1551 καὶ
1550 1509 1613 1550 ἐπὶ
1636 1506 1797 1550 nomm)

367 1635 390 1668 2
411 1631 711 1678 πεντεκαιδεκέτη
734 1635 776 1669 Β.
808 1636 1042 1680 septendecim
1064 1649 1231 1672 annorum
1253 1638 1364 1672 fuisse
1387 1648 1463 1671 cum
1482 1642 1614 1683 patrem
1636 1637 1739 1671 amit-

359 1686 472 1722 teret,
494 1681 596 1715 docet
620 1681 663 1715 U.
681 1681 870 1726 Bmkerus,
895 1682 1128 1717 Vorarbeiten
1145 1695 1188 1718 zu
1203 1684 1299 1718 einer
1315 1683 1524 1717 Geschichte
1551 1683 1612 1717 des
1635 1682 1739 1717 zwei-

367 1734 427 1760 ten
452 1727 648 1760 Punischen
671 1727 799 1772 Kriegs
821 1739 856 1772 p.
875 1728 933 1763 29.
1071 1729 1094 1762 4
1114 1726 1154 1771 ἓξ
1178 1726 1260 1763 τότε
1283 1728 1344 1763 καὶ
1368 1729 1505 1763 εἴκοσιν
1525 1724 1617 1763 ἐτῶν
1638 1739 1739 1773 γεγο-

366 1768 438 1812 νώς
460 1774 502 1805 Α.
642 1774 663 1805 5
686 1771 939 1818 προκατέλαβε
960 1773 1049 1818 AW,
1073 1772 1346 1820 προσκατέλαβε
1368 1774 1395 1807 Ρ
1419 1786 1464 1808 ex
1488 1775 1621 1809 duobus
1643 1774 1738 1808 codi-

366 1818 466 1852 cibus
489 1818 610 1862 Regiis
634 1823 670 1852 et
694 1819 913 1862 colbertino,
939 1820 1139 1862 quibuscum
1164 1820 1384 1854 consentiunt
1404 1820 1479 1854 Bc.
1499 1816 1612 1854 “alter
1629 1820 1739 1853 codex

365 1860 597 1909 προσέλαβε”
621 1865 818 1898 Wonmns.
935 1865 980 1897 10
1002 1865 1048 1910 τῇ
1070 1863 1240 1910 θαλάσσῃ
1265 1867 1309 1900 Α.
1437 1866 1481 1900 15
1504 1863 1568 1900 καὶ
1591 1865 1738 1900 alterum

366 1921 427 1987 om2
445 1908 487 1943 A.
538 1950 547 1963 s
569 1910 647 1989 ὲξῖν
650 1905 840 1953 ἐγίνωσκεν
861 1929 907 1934 -—
930 1909 974 1945 17
996 1908 1272 1956 συμβαλλόμενοι
1295 1922 1349 1946 om
1373 1911 1414 1946 C.
1515 1909 1559 1945 17
1582 1906 1678 1946 κιττοὶ
1694 1913 1738 1954 A,

364 1966 412 1988 κα
452 1966 548 1988 κατα
650 1978 660 1988 .

272 2067 378 2114 plinis
405 2072 477 2101 tum
508 2068 545 2102 in
569 2079 608 2101 re
630 2067 772 2102 militari
795 2067 982 2112 diligenter
1004 2069 1151 2112 erudiit,
1181 2081 1291 2114 usque
1315 2069 1358 2103 ad
1380 2080 1505 2103 annum
1527 2068 1654 2103 aetatis
1675 2068 1738 2102 de-

273 2113 574 2158 cimumquintum:
607 2114 698 2147 unde
730 2114 823 2159 patri
857 2115 1019 2149 defuncto
1055 2115 1090 2148 in
1122 2115 1265 2160 imperio
1298 2115 1486 2149 succedere
1517 2125 1585 2148 non
1608 2113 1734 2158 potuit.

273 2159 335 2193 sed
370 2165 449 2205 post
474 2159 705 2193 Hasdrubalis
738 2160 891 2205 obitum,
923 2171 1045 2195 annum
1078 2166 1148 2195 tum
1178 2166 1311 2194 sextum
1335 2165 1371 2194 et.
1393 2159 1595 2204 vigesimum
1618 2170 1738 2204 agens,

272 2205 359 2238 nihil
393 2210 576 2238 cunctatus
601 2205 866 2250 Hispaniensem
890 2206 1076 2240 exercitum
1097 2206 1215 2241 statim
1245 2205 1448 2251 occupavit3
1480 2210 1517 2239 et
1545 2205 1739 2250 imperator

273 2262 295 2285 a
319 2250 484 2284 militibus
511 2250 677 2284 salutatus
702 2251 820 2285 effecit
842 2256 881 2285 ut
905 2252 1006 2286 etiam
1030 2253 1071 2286 ab
1096 2252 1237 2286 urbanis
1261 2251 1522 2296 magistratibus
1545 2251 1615 2286 sibi
1637 2250 1738 2295 prin-

271 2297 409 2342 cipatus
445 2297 719 2336 confirmaretur.
763 2297 817 2331 his
848 2298 1013 2342 perfectis
1045 2297 1239 2342 speciosum
1261 2297 1454 2341 quaerebat
1473 2296 1608 2331 titulum
1632 2296 1737 2330 invu-

271 2342 376 2375 dendi
399 2342 583 2384 Romanos,
608 2353 709 2386 quem
731 2342 764 2375 ei
789 2343 1059 2387 Zacynthiorum
1083 2343 1195 2377 coloni
1217 2343 1253 2377 in
1270 2342 1442 2388 Hispania
1456 2342 1737 2387 suppeditarunt.

271 2388 333 2432 qui
367 2398 443 2422 cum
475 2399 543 2421 non
573 2389 693 2433 procul
717 2389 760 2421 ab
784 2400 883 2422 amne
905 2389 1007 2423 lbero
1032 2389 1251 2432 habitarent,
1287 2388 1423 2433 paulum
1447 2399 1468 2422 a
1491 2388 1578 2422 mari
1599 2387 1736 2431 remoti,

271 2434 445 2468 Romanos
469 2444 592 2478 magno
619 2434 732 2467 studio
757 2438 794 2468 et
816 2435 947 2469 honore
969 2434 1144 2476 colebant,
1168 2440 1272 2478 atque
1293 2434 1328 2467 in
1352 2433 1636 2480 Carthaginiensi
1659 2434 1736 2466 foe-

271 2479 355 2514 dere
379 2479 520 2524 excepti
542 2484 654 2514 erant.
701 2491 742 2512 ea
764 2480 807 2514 de
831 2491 935 2514 causa
958 2479 1082 2514 bellum
1107 2480 1157 2513 eis
1178 2480 1296 2514 intulit
1311 2479 1497 2523 Hannibal,
1520 2478 1735 2522 haudigna-

270 2535 337 2569 rus*
354 2525 528 2559 Romanos
559 2530 619 2559 aut
651 2537 748 2569 opem
782 2526 833 2559 eis
857 2527 987 2560 laturos
1011 2531 1072 2559 aut
1094 2525 1210 2559 clades
1233 2536 1350 2559 eorum
1373 2526 1519 2560 ulturos.
1567 2535 1609 2557 eo
1631 2535 1734 2557 acce-

269 2570 373 2605 debat
396 2571 489 2615 quod
511 2582 571 2604 eos
595 2582 735 2615 magnas
761 2583 845 2616 opes
868 2572 996 2606 habere
1017 2576 1130 2615 norat,
1155 2571 1281 2615 quibus
1305 2571 1341 2605 in
1365 2570 1485 2616 primis
1509 2570 1647 2614 egebat.
1678 2568 1733 2603 his

268 2614 378 2658 igitur
412 2617 454 2650 de
489 2616 602 2650 causis
638 2622 675 2649 et
706 2617 750 2650 ob
784 2617 853 2652 alia
884 2629 974 2663 quae
1010 2622 1130 2651 contra
1162 2617 1336 2651 Romanos
1371 2616 1405 2651 ei
1427 2617 1609 2662 profutura
1633 2618 1734 2649 erant

268 2661 483 2706 Saguntinos
509 2667 564 2696 est
590 2662 743 2696 adortus.
967 2675 969 2681 ·
1672 2701 1679 2709 .

405 2707 574 2753 Hispania
598 2719 696 2749 vero,
715 2707 752 2741 in
775 2719 844 2754 qua
867 2708 918 2742 illi
939 2708 1105 2751 habitant,
1130 2719 1206 2742 cum
1230 2707 1384 2743 finitimis
1407 2707 1490 2740 locis
1514 2705 1672 2739 omnibus
1693 2705 1731 2738 in

267 2751 412 2799 Europa
445 2765 568 2789 versus
599 2753 811 2789 occidentem
836 2754 928 2799 sita,
960 2754 1003 2789 ad
1027 2764 1121 2790 mare
1143 2754 1291 2789 interius
1319 2758 1356 2788 et
1377 2751 1538 2787 Herculis
1559 2751 1731 2786 columnas
