1820 3120
268 105 373 153 406
747 83 978 148 IoANNIs
1010 102 1273 148 zoNARAE

267 225 341 276 τῆς
375 218 546 269 ἀσπίδος
581 215 676 260 ἄνευ
712 221 906 272 σπασμοῦ
940 215 1067 274 κάρον
1099 214 1265 272 ὑπνώδη
1301 214 1567 275 ἐφελκόμενον
1601 218 1743 277 ἱδρῶτι

266 291 441 345 μαλακῷ
464 288 531 329 καὶ
554 290 635 330 τῶν
658 287 937 343 αἰσθητηρίων
959 284 1196 342 ἀμαυρώσει
1218 284 1368 346 ῥᾳδίως
1390 285 1652 344 ἃπονεκροῦν.

398 353 596 406 Ἀκούσας
627 355 672 397 δὲ
703 352 724 398 ὃ
749 357 914 411 Καῖσαρ
940 355 1014 408 τὴν
1043 353 1230 409 τελευτὴν
1261 354 1388 410 αὐτῆς
1418 353 1639 412 ἐξεπλάγη,
1672 358 1742 400 καὶ

267 422 470 483 φάρμακα
492 427 550 483 τῷ
573 421 732 478 σώματι
754 426 822 466 καὶ
843 422 1030 478 ψύλλους
1052 421 1273 480 ἐπήνεγκεν.
1342 422 1380 465 οἳ
1413 423 1457 466 δὲ
1487 422 1641 479 ψύλλοι
1670 424 1765 468 ἔνι

268 495 362 550 δρες
379 495 458 536 εῗσί
477 493 593 548 (γυνὴ
617 492 696 550 γὰρ
718 492 791 547 τὴν
815 490 988 547 δύναμιν
1009 489 1161 547 ταύτην
1178 492 1280 547 ἔχειν
1298 491 1346 534 οὗ
1363 490 1570 549 πέφυκεν),
1595 491 1778 538 δύναι’-5

266 579 336 606 ται
359 562 404 604 δὲ
426 560 558 604 πάντα
584 562 644 603 ἰὸν
667 561 817 611 παντὸς
839 559 1030 618 ἑρπετοῦ,
1063 562 1157 618 πρὶν
1188 564 1330 603 θανεῖν
1361 560 1431 603 τὸν
1455 559 1695 618 δεδηγμένον
1717 560 1744 617 ἢ

266 629 528 687 τετρωμένον,
563 631 752 684 ἓκμυζᾶν,
787 632 854 672 καὶ
880 629 998 672 αὐτοί
1023 646 1066 672 τε
1100 629 1158 684 μὴ
1188 627 1450 684 βλάπτεσθαι
1473 631 1542 672 καὶ
1570 630 1643 674 τὸν
1674 647 1747 675 πε-

214 707 247 741 D
273 699 564 756 φαρμαγμένον
588 696 843 756 θεραπεύειν.
912 697 1084 756 φύονται
1109 699 1152 741 δὲ
1175 699 1217 749 ἐξ
1239 696 1439 753 ἀλλήλων,
1472 700 1540 741 καὶ
1574 697 1748 754 δοκιμά-

268 769 380 819 ζουσι
403 768 455 810 τὰ
478 768 721 823 γεννηθέντα
743 766 769 822 ἢ
792 766 896 822 μετὰ
921 766 1054 824 ὄφεων
1076 767 1348 822 ἐμβληθέντα,
1369 765 1398 823 ἢ
1419 769 1488 809 καὶ
1509 771 1591 811 τῶν
1612 784 1748 826 σπαρ-

265 834 400 891 γάνων
426 836 560 879 αὐτῶν
584 837 887 891 ἐπιβληθέντων
911 834 1089 889 ἲοβόλοις
1113 837 1216 878 τισίν
1226 835 1240 861 ·’
1273 834 1363 879 οὔτε
1386 835 1465 893 γὰρ
1487 841 1547 896 τῷ
1567 837 1687 881 παιδί
1705 841 1804 880 vam

268 906 555 959 λυμαίνονται,
590 907 658 947 καὶ
680 903 758 947 ’ὑπὸ
782 909 855 959 τῆς
878 904 1053 960 ἐσθῆτος
1077 904 1203 948 αὐτοῦ
1227 908 1442 961 ναρκῶσιν.
1599 948 1602 949 ⁷

401 970 450 1016 ‘0
472 974 547 1028 μὲν
570 968 641 1016 οὖν
666 974 831 1030 Καῖσαρ
865 974 928 1016 ἐπὶ
957 978 1008 1030 τῇ
1039 977 1112 1028 τῆς
1133 973 1322 1029 γυναικὸς
1344 975 1507 1030 τελευτῇ
1528 973 1602 1015 καὶ»
1617 971 1748 1028 ἠχθέ-

268 1045 355 1096 σθη
386 1043 454 1084 καὶ
485 1042 558 1096 τὴν
581 1042 779 1098 εὐγένειαν
802 1042 929 1097 αὐτῆς
951 1041 1178 1097 ἐθαύμαζε,
1213 1044 1281 1084 καὶ
1305 1045 1560 1099 συνταφῆναι
1579 1045 1640 1100 τῷ
1656 1041 1748 1084 Ἀν-

266 1110 396 1167 τωνίῳ
432 1111 610 1154 ἐκέλευσε
646 1115 875 1162 πολυτελῶς
912 1113 979 1153 καὶ
1016 1114 1253 1165 βασιλικαῖς.
1323 1111 1484 1166 ἐντίμου
1519 1110 1564 1152 δὲ
1598 1113 1669 1153 καὶ
1703 1110 1747 1153 αἱ

267 1176 516 1234 θεράπαιναι
538 1184 673 1237 ταφῆς
707 1179 846 1235 ἔτυχον
878 1180 1027 1223 ἐκείνου
1060 1177 1374 1236 προστάξαντος.
1446 1175 1674 1234 ἐτελεύτησε
1701 1179 1746 1222 δὲ
1756 1185 1804 1223 15

268 1245 516 1304 Κλεοπάτρα
547 1249 620 1303 μὲν
652 1253 1037 1305 τεσσαρακοντοῦτις
1068 1247 1156 1298 ἑνὸς
1175 1249 1372 1300 δέοντος,
1405 1246 1560 1292 τούτων
1582 1245 1656 1291 δύο
1678 1250 1748 1291 καὶ

267 1315 391 1358 εἴκοσι
413 1316 714 1370 βασιλεύσασα,
737 1319 861 1360 πλείω
886 1318 929 1360 δὲ
951 1321 1031 1360 τῶν
1056 1315 1360 1374 δεκατεσσάρων
1375 1317 1573 1375 Ἀντωνίῳ
1595 1315 1749 1373 συνάρ-

266 1386 392 1435 ξασα·
424 1384 634 1428 Ἀντώνιον
670 1387 714 1428 δὲ
748 1386 787 1428 οἳ
816 1387 891 1440 μὲν
919 1384 964 1436 ἓξ
997 1386 1035 1428 οἳ
1068 1387 1113 1428 δὲ
1143 1388 1274 1442 τρισὶν
1303 1383 1546 1442 ὑπερβαλεῖν
1570 1401 1673 1443 φασι
1693 1386 1746 1428 τὰ

82 1455 111 1492 P
135 1456 153 1491 I
176 1457 243 1496 531
267 1451 526 1508 πεντήκοντα.
594 1454 665 1497 τὸν
707 1455 751 1497 δὲ
789 1459 863 1498 τοῦ
900 1455 1111 1498 Ἀντωνίου
1146 1454 1235 1497 υἱὸν
1271 1453 1463 1498 ’Άντυλον
1493 1454 1565 1497 τὸν
1597 1455 1641 1497 ἐκ
1674 1458 1748 1509 τῆς

269 1524 481 1576 Φουλβίας
514 1524 582 1566 καὶ
614 1522 685 1567 τὸν
714 1527 786 1579 τῆς
819 1521 1089 1582 Κλεοπάτρας
1118 1523 1189 1566 τὸν
1223 1524 1489 1582 Καισαρίωνα
1521 1521 1543 1567 ὃ
1575 1523 1804 1581 Καΐσαρῦο

276 1588 290 1604 2
334 1591 346 1607 Ι

265 1607 504 1634 απεκτεινεν.

357 1753 406 1789 10
428 1765 463 1787 τι
487 1753 554 1787 add
577 1751 608 1787 A
630 1753 714 1787 Dio.
811 1754 851 1787 ll
875 1752 941 1796 τῆς
964 1764 1018 1787 om
1043 1753 1086 1790 C.
1180 1754 1225 1789 12
1247 1750 1312 1788 καὶ
1336 1752 1406 1788 add
1429 1751 1472 1791 A.
1575 1754 1620 1789 13
1646 1749 1746 1798 εὗγὲὲ

356 1809 464 1833 νειαν
486 1795 603 1842 αὐτῆς
624 1798 656 1832 Α
678 1798 908 1841 Plutarchus,
932 1795 1119 1843 εὐγένειαν
1142 1793 1284 1844 ἐκείνης
1305 1800 1334 1833 Β
1350 1824 1360 1841 ,
1394 1794 1535 1844 ἐκείνης
1555 1795 1745 1845 εὐγένειαν

356 1844 450 1879 PW.
563 1844 608 1879 18
630 1840 836 1889 Ἀντώνιον]
861 1843 925 1878 καὶ
949 1842 1133 1879 ἄντώνιον
1157 1845 1200 1879 Β.
1318 1844 1362 1880 19
1382 1841 1450 1880 τὸν
1471 1840 1512 1880 ἐκ
1527 1846 1603 1890 τῆς
1625 1846 1744 1881 Φουλ-

363 1889 470 1938 βίας]
493 1889 562 1924 Βίο
588 1891 632 1926 51
657 1890 692 1926 6.
838 1890 884 1924 20
907 1885 1120 1925 ἀπέκτεινεν
1145 1887 1166 1924 ὃ
1190 1889 1323 1936 καίσαρ
1346 1890 1391 1928 A.

267 2035 499 2080 soporiferum
533 2046 609 2070 cum
641 2034 734 2070 molli
767 2035 894 2071 sudore
922 2036 1010 2071 citra
1043 2035 1300 2072 convulsionem
1331 2035 1499 2072 inducere
1522 2040 1558 2072 et
1584 2036 1744 2073 sensibus

266 2082 441 2117 hebetatis
464 2082 596 2117 leviter
620 2081 856 2127 exstinguere.

408 2151 544 2185 Caesar
573 2150 648 2185 eius
682 2150 830 2185 interitu
862 2150 982 2185 audito
1016 2150 1218 2196 obstupuit,
1254 2153 1291 2185 et
1323 2150 1491 2185 cadaveri
1522 2151 1675 2186 remedia
1709 2157 1746 2187 et

267 2195 407 2241 Psyllos
430 2196 602 2231 adhibuit.
649 2196 759 2240 Psylli
786 2201 901 2238 autem
925 2197 995 2231 viri
1017 2202 1099 2231 sunt
1123 2197 1236 2242 (nulla
1259 2196 1348 2231 enim
1371 2197 1495 2231 mulier
1517 2201 1560 2231 ea
1583 2197 1619 2231 vi
1643 2207 1747 2244 prae-

268 2242 342 2276 dita
357 2243 431 2286 est)
458 2242 518 2288 qui
541 2242 688 2287 quodvis
713 2254 882 2277 venenum
905 2243 1060 2277 cuiusvis
1082 2244 1271 2289 serpentis,
1295 2243 1494 2288 priusquam
1517 2241 1547 2276 is
1570 2243 1631 2288 qui
1655 2254 1747 2278 mor-

267 2298 326 2322 sus
351 2293 412 2323 aut
434 2288 636 2322 vulneratus
662 2292 714 2322 est
737 2289 897 2333 moritur,
922 2289 1124 2334 exsugendo
1150 2301 1214 2323 nec
1236 2289 1304 2334 ipsi
1328 2289 1516 2323 laeduntur
1539 2294 1575 2324 et
1601 2289 1746 2324 venenis
1813 2318 1814 2321 ,

268 2334 395 2368 infecto
420 2334 564 2369 salutem
588 2333 752 2372 afferunt.
800 2340 1045 2381 propagantur
1068 2335 1128 2369 alii
1152 2346 1195 2369 ex
1219 2335 1319 2377 aliis,
1353 2338 1389 2369 et
1418 2335 1535 2369 foetus
1565 2335 1747 2382 explorant
1818 2356 1820 2358 -

268 2379 326 2414 vel
348 2379 384 2413 in
407 2384 586 2425 serpentes
611 2381 810 2425 coniectos,
847 2381 905 2415 vel
940 2393 1057 2415 eorum
1090 2381 1208 2415 fasciis
1240 2381 1461 2426 serpentibus
1492 2380 1649 2415 iniectis:
1686 2381 1745 2427 qui

267 2437 332 2461 nec
355 2437 502 2472 puerum
523 2425 666 2461 laedunt
691 2431 726 2461 et
748 2426 908 2462 vestibus
930 2426 1022 2461 illius
1046 2427 1131 2462 tecti
1154 2431 1371 2472 torpescunt.

407 2494 542 2528 Caesar
568 2492 679 2538 igitur
709 2494 922 2540 Cleopatrae
956 2495 1055 2530 obitu
1089 2493 1218 2539 doluit,
1252 2505 1456 2539 generosam
1489 2493 1567 2530 eius
1596 2493 1746 2531 indolem

269 2538 481 2583 admiratus,
515 2550 658 2585 eamque
688 2541 871 2586 magnifice
902 2541 1140 2586 regaliterque
1173 2551 1249 2574 cum
1272 2541 1424 2575 Antonio
1457 2539 1600 2586 sepeliri
1629 2540 1740 2577 iussit.

272 2589 352 2619 sunt
383 2590 419 2619 et
451 2585 596 2620 ancillae
628 2585 725 2621 iussu
760 2587 853 2621 illius
893 2586 1118 2622 honorificam
1157 2587 1371 2630 sepulturam
1412 2590 1610 2621 assecutae.
1657 2585 1746 2620 obiit

273 2630 464 2676 Cleopatra
485 2642 596 2666 annes
617 2633 943 2678 undequadraginta
966 2638 1070 2676 nata,
1103 2644 1124 2666 e
1147 2632 1275 2677 quibus
1299 2633 1384 2668 duos
1408 2637 1444 2667 et
1469 2632 1594 2678 viginti
1617 2642 1746 2677 regna-

273 2676 345 2719 vit,
370 2677 515 2722 amplius
539 2679 819 2723 quattuordecim
845 2691 921 2714 cum
946 2677 1096 2714 Antonio
1119 2678 1317 2724 imperavit.
1365 2678 1550 2713 Antonium
1575 2689 1660 2712 vero
1683 2676 1744 2713 alii

271 2725 346 2756 tres
371 2722 429 2757 alii
452 2734 514 2757 sex
537 2729 575 2758 et
598 2725 851 2770 quinquaginta
874 2724 1005 2760 vixisse
1028 2735 1136 2760 annos
1158 2724 1314 2759 tradunt.
1341 2724 1416 2759 eius
1431 2736 1477 2758 ex
1491 2723 1621 2760 Fulvia
1634 2723 1742 2759 filium

271 2767 449 2812 Antyllum
473 2772 510 2804 et
532 2769 742 2817 Cleopatrae
763 2771 872 2808 filium
895 2771 1143 2807 Caesar-ionem
1165 2770 1300 2807 Caesar
1320 2769 1512 2807 interfecit.
