<?xml version="1.0" encoding="UTF-8"?>
<!DOCTYPE html PUBLIC "-//W3C//DTD XHTML 1.0 Transitional//EN"
    "http://www.w3.org/TR/xhtml1/DTD/xhtml1-transitional.dtd">
<html xmlns="http://www.w3.org/1999/xhtml" xml:lang="en" lang="en">
 <head>
  <title>
</title>
<meta http-equiv="Content-Type" content="text/html;charset=utf-8" />
  <meta name='ocr-system' content='tesseract 3.04.00' />
  <meta name='ocr-capabilities' content='ocr_page ocr_carea ocr_par ocr_line ocrx_word'/>
</head>
<body>
  <div class='ocr_page' id='page_1' title='image "./corpusscriptorum30niebuoft_0264.png"; bbox 0 0 1820 3120; ppageno 0'>
   <div class='ocr_carea' id='block_1_1' title="bbox 316 124 1287 175">
    <p class='ocr_par' dir='ltr' id='par_1_1' title="bbox 316 124 1287 175">
     <span class='ocr_line' id='line_1_1' title="bbox 316 124 1287 175; baseline 0.005 -5"><span class='ocrx_word' id='word_1_1' title='bbox 316 124 413 172; x_wconf 85' lang='lat'><strong><em>254</em></strong></span> <span class='ocrx_word' id='word_1_2' title='bbox 771 125 996 172; x_wconf 84' lang='lat' dir='ltr'><strong>IOANNIS</strong></span> <span class='ocrx_word' id='word_1_3' title='bbox 1030 129 1287 175; x_wconf 84' lang='lat' dir='ltr'><strong>ZONARAE</strong></span> 
     </span>
    </p>
   </div>
   <div class='ocr_carea' id='block_1_2' title="bbox 251 239 1820 1736">
    <p class='ocr_par' dir='ltr' id='par_1_2' title="bbox 313 239 1767 441">
     <span class='ocr_line' id='line_1_2' title="bbox 313 239 1766 303; baseline 0.006 -19"><span class='ocrx_word' id='word_1_4' title='bbox 313 245 392 284; x_wconf 84' lang='grc' dir='ltr'><strong><em>τῶν</em></strong></span> <span class='ocrx_word' id='word_1_5' title='bbox 414 240 635 297; x_wconf 76' lang='grc' dir='ltr'><strong><em>ἐπιχωρίων</em></strong></span> <span class='ocrx_word' id='word_1_6' title='bbox 651 239 894 296; x_wconf 77' lang='grc' dir='ltr'><strong><em>κατέσκαψε.</em></strong></span> <span class='ocrx_word' id='word_1_7' title='bbox 925 240 1145 300; x_wconf 86' lang='grc' dir='ltr'><strong><em>γράμματα</em></strong></span> <span class='ocrx_word' id='word_1_8' title='bbox 1162 244 1239 302; x_wconf 84' lang='grc' dir='ltr'><strong><em>γὰρ</em></strong></span> <span class='ocrx_word' id='word_1_9' title='bbox 1258 243 1500 302; x_wconf 70' lang='grc' dir='ltr'><em>ἑκασταχόσε</em></span> <span class='ocrx_word' id='word_1_10' title='bbox 1518 248 1766 303; x_wconf 77' lang='grc' dir='ltr'><strong><em>διαπέμψας,</em></strong></span> 
     </span>
     <span class='ocr_line' id='line_1_3' title="bbox 314 304 1765 374; baseline 0.008 -25"><span class='ocrx_word' id='word_1_11' title='bbox 314 310 382 350; x_wconf 85' lang='grc' dir='ltr'><strong><em>καὶ</em></strong></span> <span class='ocrx_word' id='word_1_12' title='bbox 406 309 446 350; x_wconf 75' lang='grc' dir='ltr'><strong><em>ἐν</em></strong></span> <span class='ocrx_word' id='word_1_13' title='bbox 469 312 517 365; x_wconf 85' lang='grc' dir='ltr'><strong><em>τῇ</em></strong></span> <span class='ocrx_word' id='word_1_14' title='bbox 542 308 645 365; x_wconf 78' lang='grc' dir='ltr'><strong><em>αὐτῇ</em></strong></span> <span class='ocrx_word' id='word_1_15' title='bbox 666 307 796 369; x_wconf 65' lang='grc' dir='ltr'><strong><em>ἡμέρᾳ</em></strong></span> <span class='ocrx_word' id='word_1_16' title='bbox 821 308 969 353; x_wconf 85' lang='grc' dir='ltr'><strong><em>ἅπασιν</em></strong></span> <span class='ocrx_word' id='word_1_17' title='bbox 993 311 1096 354; x_wconf 80' lang='grc' dir='ltr'><strong><em>αὐτὰ</em></strong></span> <span class='ocrx_word' id='word_1_18' title='bbox 1120 304 1374 368; x_wconf 74' lang='grc' dir='ltr'><strong><em>ἀποδοθῆναι</em></strong></span> <span class='ocrx_word' id='word_1_19' title='bbox 1397 313 1597 369; x_wconf 69' lang='grc' dir='ltr'><strong><em>κελεύσας,</em></strong></span> <span class='ocrx_word' id='word_1_20' title='bbox 1619 317 1765 374; x_wconf 75' lang='grc' dir='ltr'><strong><em>προσί-</em></strong></span> 
     </span>
     <span class='ocr_line' id='line_1_4' title="bbox 313 376 1767 441; baseline 0.008 -23"><span class='ocrx_word' id='word_1_21' title='bbox 313 379 407 427; x_wconf 78' lang='grc' dir='ltr'><strong><em>ταξε</em></strong></span> <span class='ocrx_word' id='word_1_22' title='bbox 437 377 533 427; x_wconf 83' lang='grc' dir='ltr'><strong><em>τοὺς</em></strong></span> <span class='ocrx_word' id='word_1_23' title='bbox 561 376 797 433; x_wconf 77' lang='grc' dir='ltr'><strong><em>περιβόλους</em></strong></span> <span class='ocrx_word' id='word_1_24' title='bbox 828 378 1062 436; x_wconf 77' lang='grc' dir='ltr'><strong><em>αὐθημερὸν</em></strong></span> <span class='ocrx_word' id='word_1_25' title='bbox 1095 384 1303 434; x_wconf 75' lang='grc' dir='ltr'><strong><em>καθελεῖν,</em></strong></span> <span class='ocrx_word' id='word_1_26' title='bbox 1346 380 1527 426; x_wconf 87' lang='grc' dir='ltr'><strong><em>θάνατον</em></strong></span> <span class='ocrx_word' id='word_1_27' title='bbox 1548 383 1767 441; x_wconf 79' lang='grc' dir='ltr'><strong><em>ἀπειλήσας</em></strong></span> 
     </span>
    </p>

    <p class='ocr_par' dir='ltr' id='par_1_3' title="bbox 259 443 1800 642">
     <span class='ocr_line' id='line_1_5' title="bbox 259 443 1764 508; baseline 0.007 -22"><span class='ocrx_word' id='word_1_28' title='bbox 259 458 290 493; x_wconf 84' lang='grc' dir='ltr'><strong>Β</strong></span> <span class='ocrx_word' id='word_1_29' title='bbox 315 451 399 495; x_wconf 86' lang='grc' dir='ltr'><strong><em>τοῖς</em></strong></span> <span class='ocrx_word' id='word_1_30' title='bbox 432 443 716 500; x_wconf 83' lang='grc' dir='ltr'><strong><em>ἀπειθήσασιν.</em></strong></span> <span class='ocrx_word' id='word_1_31' title='bbox 783 445 809 487; x_wconf 75' lang='grc' dir='ltr'><em>ἃ</em></span> <span class='ocrx_word' id='word_1_32' title='bbox 833 446 1067 503; x_wconf 78' lang='grc' dir='ltr'><strong><em>ἀναγνόντες</em></strong></span> <span class='ocrx_word' id='word_1_33' title='bbox 1102 448 1140 490; x_wconf 80' lang='grc' dir='ltr'><strong><em>οἳ</em></strong></span> <span class='ocrx_word' id='word_1_34' title='bbox 1173 450 1215 492; x_wconf 76' lang='grc' dir='ltr'><strong><em>ἓν</em></strong></span> <span class='ocrx_word' id='word_1_35' title='bbox 1247 456 1335 500; x_wconf 91' lang='grc' dir='ltr'><strong><em>ταῖς</em></strong></span> <span class='ocrx_word' id='word_1_36' title='bbox 1357 451 1501 508; x_wconf 78' lang='grc' dir='ltr'><strong><em>ἀρχαῖς</em></strong></span> <span class='ocrx_word' id='word_1_37' title='bbox 1522 449 1654 506; x_wconf 69' lang='grc' dir='ltr'><strong><em>ὄντες,</em></strong></span> <span class='ocrx_word' id='word_1_38' title='bbox 1698 455 1764 496; x_wconf 77' lang='grc' dir='ltr'><strong><em>καὶ</em></strong></span> 
     </span>
     <span class='ocr_line' id='line_1_6' title="bbox 308 511 1800 580; baseline 0.005 -23"><span class='ocrx_word' id='word_1_39' title='bbox 308 514 546 567; x_wconf 81' lang='grc' dir='ltr'><strong><em>νομίσαντες</em></strong></span> <span class='ocrx_word' id='word_1_40' title='bbox 577 514 734 557; x_wconf 69' lang='grc' dir='ltr'><strong><em>ἕκαστοι</em></strong></span> <span class='ocrx_word' id='word_1_41' title='bbox 764 511 904 568; x_wconf 91' lang='grc' dir='ltr'><strong><em>μόνοις</em></strong></span> <span class='ocrx_word' id='word_1_42' title='bbox 936 515 1071 566; x_wconf 80' lang='grc' dir='ltr'><strong><em>αὐτοῖς</em></strong></span> <span class='ocrx_word' id='word_1_43' title='bbox 1103 515 1356 575; x_wconf 72' lang='grc' dir='ltr'><strong><em>γεγράφθαι,</em></strong></span> <span class='ocrx_word' id='word_1_44' title='bbox 1402 520 1469 562; x_wconf 83' lang='grc' dir='ltr'><strong><em>καὶ</em></strong></span> <span class='ocrx_word' id='word_1_45' title='bbox 1500 521 1605 576; x_wconf 75' lang='grc' dir='ltr'><strong><em>μηδὲ</em></strong></span> <span class='ocrx_word' id='word_1_46' title='bbox 1627 521 1800 580; x_wconf 72' lang='grc' dir='ltr'><strong><em>καιρόνὸ</em></strong></span> 
     </span>
     <span class='ocr_line' id='line_1_7' title="bbox 310 580 1339 642; baseline 0.004 -17"><span class='ocrx_word' id='word_1_47' title='bbox 310 580 507 638; x_wconf 76' lang='grc' dir='ltr'><strong><em>λαβόντες</em></strong></span> <span class='ocrx_word' id='word_1_48' title='bbox 527 586 693 636; x_wconf 83' lang='grc' dir='ltr'><strong><em>βουλῆς,</em></strong></span> <span class='ocrx_word' id='word_1_49' title='bbox 731 582 953 635; x_wconf 75' lang='grc' dir='ltr'><strong><em>κατέβαλον</em></strong></span> <span class='ocrx_word' id='word_1_50' title='bbox 975 582 1119 635; x_wconf 86' lang='grc' dir='ltr'><strong><em>πάντες</em></strong></span> <span class='ocrx_word' id='word_1_51' title='bbox 1141 585 1193 627; x_wconf 78' lang='grc' dir='ltr'><strong><em>τὰ</em></strong></span> <span class='ocrx_word' id='word_1_52' title='bbox 1218 587 1339 642; x_wconf 80' lang='grc' dir='ltr'><em>τείχη.</em></span> 
     </span>
    </p>

    <p class='ocr_par' dir='ltr' id='par_1_4' title="bbox 301 648 1820 1122">
     <span class='ocr_line' id='line_1_8' title="bbox 445 648 1768 714; baseline 0.007 -23"><span class='ocrx_word' id='word_1_53' title='bbox 445 648 495 692; x_wconf 88' lang='grc' dir='ltr'><strong><em>Ὁ</em></strong></span> <span class='ocrx_word' id='word_1_54' title='bbox 519 651 562 692; x_wconf 78' lang='grc' dir='ltr'><strong><em>δὲ</em></strong></span> <span class='ocrx_word' id='word_1_55' title='bbox 584 648 732 693; x_wconf 83' lang='grc' dir='ltr'><strong><em>Κάτων</em></strong></span> <span class='ocrx_word' id='word_1_56' title='bbox 764 650 878 705; x_wconf 73' lang='grc' dir='ltr'><strong><em>διέβη</em></strong></span> <span class='ocrx_word' id='word_1_57' title='bbox 909 650 979 693; x_wconf 84' lang='grc' dir='ltr'><strong><em>τὸν</em></strong></span> <span class='ocrx_word' id='word_1_58' title='bbox 993 650 1157 709; x_wconf 76' lang='grc' dir='ltr'><strong><em>Ἴβηρα,</em></strong></span> <span class='ocrx_word' id='word_1_59' title='bbox 1192 656 1258 696; x_wconf 80' lang='grc' dir='ltr'><strong><em>καὶ</em></strong></span> <span class='ocrx_word' id='word_1_60' title='bbox 1292 661 1377 706; x_wconf 88' lang='grc' dir='ltr'><strong><em>τοῖς</em></strong></span> <span class='ocrx_word' id='word_1_61' title='bbox 1398 655 1642 714; x_wconf 81' lang='grc' dir='ltr'><strong><em>Κελτίβηρσι</em></strong></span> <span class='ocrx_word' id='word_1_62' title='bbox 1663 672 1768 711; x_wconf 85' lang='grc' dir='ltr'><strong><em>συμ-</em></strong></span> 
     </span>
     <span class='ocr_line' id='line_1_9' title="bbox 302 717 1768 782; baseline 0.003 -20"><span class='ocrx_word' id='word_1_63' title='bbox 302 722 491 779; x_wconf 69' lang='grc' dir='ltr'><strong><em>μαχοῦσι</em></strong></span> <span class='ocrx_word' id='word_1_64' title='bbox 517 724 599 768; x_wconf 85' lang='grc' dir='ltr'><strong><em>τοῖς</em></strong></span> <span class='ocrx_word' id='word_1_65' title='bbox 621 718 824 771; x_wconf 88' lang='grc' dir='ltr'><strong><em>πολεμίοις</em></strong></span> <span class='ocrx_word' id='word_1_66' title='bbox 846 717 971 762; x_wconf 77' lang='grc' dir='ltr'><strong><em>αὐτοῦ</em></strong></span> <span class='ocrx_word' id='word_1_67' title='bbox 995 721 1066 762; x_wconf 79' lang='grc' dir='ltr'><strong><em>διὰ</em></strong></span> <span class='ocrx_word' id='word_1_68' title='bbox 1089 720 1133 764; x_wconf 85' lang='grc' dir='ltr'><strong><em>τὸ</em></strong></span> <span class='ocrx_word' id='word_1_69' title='bbox 1156 725 1316 778; x_wconf 84' lang='grc' dir='ltr'><strong><em>πλῆθος</em></strong></span> <span class='ocrx_word' id='word_1_70' title='bbox 1337 727 1556 778; x_wconf 75' lang='grc' dir='ltr'><strong><em>συμβαλεῖν</em></strong></span> <span class='ocrx_word' id='word_1_71' title='bbox 1576 724 1635 779; x_wconf 79' lang='grc' dir='ltr'><strong><em>μὴ</em></strong></span> <span class='ocrx_word' id='word_1_72' title='bbox 1658 729 1768 782; x_wconf 87' lang='grc' dir='ltr'><strong><em>θαρ-</em></strong></span> 
     </span>
     <span class='ocr_line' id='line_1_10' title="bbox 303 787 1767 848; baseline 0.003 -17"><span class='ocrx_word' id='word_1_73' title='bbox 303 791 461 848; x_wconf 64' lang='grc' dir='ltr'><strong><em>σήσας,</em></strong></span> <span class='ocrx_word' id='word_1_74' title='bbox 498 787 792 843; x_wconf 73' lang='grc' dir='ltr'><strong><em>μετεχειρίσατο</em></strong></span> <span class='ocrx_word' id='word_1_75' title='bbox 817 790 1059 841; x_wconf 79' lang='grc' dir='ltr'><strong><em>θαυμασίως</em></strong></span> <span class='ocrx_word' id='word_1_76' title='bbox 1082 787 1229 841; x_wconf 82' lang='grc' dir='ltr'><strong><em>αὐτούς</em></strong></span> <span class='ocrx_word' id='word_1_77' title='bbox 1235 822 1250 842; x_wconf 90' lang='grc'><strong><em>,</em></strong></span> <span class='ocrx_word' id='word_1_78' title='bbox 1297 792 1393 835; x_wconf 77' lang='grc' dir='ltr'><strong><em>ποτὲ</em></strong></span> <span class='ocrx_word' id='word_1_79' title='bbox 1417 792 1491 846; x_wconf 74' lang='grc' dir='ltr'><strong><em>μὲν</em></strong></span> <span class='ocrx_word' id='word_1_80' title='bbox 1510 794 1767 846; x_wconf 73' lang='grc' dir='ltr'><strong><em>μεταπείθων</em></strong></span> 
     </span>
     <span class='ocr_line' id='line_1_11' title="bbox 301 853 1820 918; baseline 0.001 -19"><span class='ocrx_word' id='word_1_81' title='bbox 301 862 402 918; x_wconf 79' lang='grc' dir='ltr'><strong><em>πρὸς</em></strong></span> <span class='ocrx_word' id='word_1_82' title='bbox 424 855 554 904; x_wconf 71' lang='grc' dir='ltr'><strong><em>α-ᾗτόν</em></strong></span> <span class='ocrx_word' id='word_1_83' title='bbox 575 859 820 909; x_wconf 85' lang='grc' dir='ltr'><strong><em>μεταστῆναι</em></strong></span> <span class='ocrx_word' id='word_1_84' title='bbox 844 853 952 899; x_wconf 79' lang='grc' dir='ltr'><strong><em>δόσει</em></strong></span> <span class='ocrx_word' id='word_1_85' title='bbox 975 858 1152 910; x_wconf 84' lang='grc' dir='ltr'><strong><em>μείζονος</em></strong></span> <span class='ocrx_word' id='word_1_86' title='bbox 1172 863 1342 913; x_wconf 82' lang='grc' dir='ltr'><strong><em>μισθοῦ,</em></strong></span> <span class='ocrx_word' id='word_1_87' title='bbox 1376 860 1472 903; x_wconf 78' lang='grc' dir='ltr'><strong><em>ποτὲ</em></strong></span> <span class='ocrx_word' id='word_1_88' title='bbox 1494 860 1539 903; x_wconf 75' lang='grc' dir='ltr'><strong><em>δὲ</em></strong></span> <span class='ocrx_word' id='word_1_89' title='bbox 1561 865 1767 918; x_wconf 82' lang='grc' dir='ltr'><strong><em>παραινῶν</em></strong></span> <span class='ocrx_word' id='word_1_90' title='bbox 1777 866 1820 902; x_wconf 77' lang='grc'><strong><em>10</em></strong></span> 
     </span>
     <span class='ocr_line' id='line_1_12' title="bbox 302 922 1766 987; baseline 0 -15"><span class='ocrx_word' id='word_1_91' title='bbox 302 931 439 987; x_wconf 86' lang='grc' dir='ltr'><strong><em>σφίσιν</em></strong></span> <span class='ocrx_word' id='word_1_92' title='bbox 471 926 712 970; x_wconf 69' lang='grc' dir='ltr'><strong><em>ἐπανελθεῖν</em></strong></span> <span class='ocrx_word' id='word_1_93' title='bbox 743 922 900 975; x_wconf 76' lang='grc' dir='ltr'><strong><em>οἴκαδε,</em></strong></span> <span class='ocrx_word' id='word_1_94' title='bbox 936 923 1018 967; x_wconf 67' lang='grc' dir='ltr'><strong><em>ἔστι</em></strong></span> <span class='ocrx_word' id='word_1_95' title='bbox 1042 925 1085 967; x_wconf 75' lang='grc' dir='ltr'><strong><em>δ’</em></strong></span> <span class='ocrx_word' id='word_1_96' title='bbox 1111 924 1175 968; x_wconf 82' lang='grc' dir='ltr'><strong><em>ὅτε</em></strong></span> <span class='ocrx_word' id='word_1_97' title='bbox 1198 928 1265 968; x_wconf 80' lang='grc' dir='ltr'><strong><em>καὶ</em></strong></span> <span class='ocrx_word' id='word_1_98' title='bbox 1287 925 1422 982; x_wconf 76' lang='grc' dir='ltr'><strong><em>μάχην</em></strong></span> <span class='ocrx_word' id='word_1_99' title='bbox 1445 927 1583 979; x_wconf 73' lang='grc' dir='ltr'><strong><em>αὐτοῖς</em></strong></span> <span class='ocrx_word' id='word_1_100' title='bbox 1603 929 1645 979; x_wconf 79' lang='grc' dir='ltr'><strong><em>ἔς</em></strong></span> <span class='ocrx_word' id='word_1_101' title='bbox 1666 926 1766 983; x_wconf 76' lang='grc' dir='ltr'><strong><em>ἦμέ-</em></strong></span> 
     </span>
     <span class='ocr_line' id='line_1_13' title="bbox 302 988 1766 1054; baseline 0 -15"><span class='ocrx_word' id='word_1_102' title='bbox 302 1015 378 1054; x_wconf 89' lang='grc' dir='ltr'><strong><em>ραν</em></strong></span> <span class='ocrx_word' id='word_1_103' title='bbox 409 997 664 1053; x_wconf 73' lang='grc' dir='ltr'><strong><em>ἐπαγγέλλων</em></strong></span> <span class='ocrx_word' id='word_1_104' title='bbox 697 989 834 1048; x_wconf 78' lang='grc' dir='ltr'><strong><em>ῥητήν.</em></strong></span> <span class='ocrx_word' id='word_1_105' title='bbox 903 992 946 1033; x_wconf 75' lang='grc' dir='ltr'><strong><em>ἐκ</em></strong></span> <span class='ocrx_word' id='word_1_106' title='bbox 978 991 1054 1048; x_wconf 81' lang='grc' dir='ltr'><strong><em>γὰρ</em></strong></span> <span class='ocrx_word' id='word_1_107' title='bbox 1088 991 1234 1036; x_wconf 75' lang='grc' dir='ltr'><strong><em>τούτου</em></strong></span> <span class='ocrx_word' id='word_1_108' title='bbox 1256 995 1496 1038; x_wconf 74' lang='grc' dir='ltr'><strong><em>ἐστασίασαν</em></strong></span> <span class='ocrx_word' id='word_1_109' title='bbox 1517 988 1620 1054; x_wconf 80' lang='grc' dir='ltr'><strong><em>πρὸς</em></strong></span> <span class='ocrx_word' id='word_1_110' title='bbox 1640 995 1766 1052; x_wconf 77' lang='grc' dir='ltr'><strong><em>ἀλλή·</em></strong></span> 
     </span>
     <span class='ocr_line' id='line_1_14' title="bbox 301 1059 1583 1122; baseline 0 -15"><span class='ocrx_word' id='word_1_111' title='bbox 301 1070 410 1117; x_wconf 87' lang='grc' dir='ltr'><strong><em>λους,</em></strong></span> <span class='ocrx_word' id='word_1_112' title='bbox 445 1067 512 1107; x_wconf 87' lang='grc' dir='ltr'><strong><em>καὶ</em></strong></span> <span class='ocrx_word' id='word_1_113' title='bbox 534 1060 792 1122; x_wconf 72' lang='grc' dir='ltr'><strong><em>φοβηθέντες</em></strong></span> <span class='ocrx_word' id='word_1_114' title='bbox 813 1059 943 1101; x_wconf 73' lang='grc' dir='ltr'><strong><em>οἰκέτι</em></strong></span> <span class='ocrx_word' id='word_1_115' title='bbox 967 1060 1078 1117; x_wconf 77' lang='grc' dir='ltr'><strong><em>αὐτῷ</em></strong></span> <span class='ocrx_word' id='word_1_116' title='bbox 1098 1065 1323 1117; x_wconf 82' lang='grc' dir='ltr'><strong><em>πολεμῆσαι</em></strong></span> <span class='ocrx_word' id='word_1_117' title='bbox 1346 1061 1583 1119; x_wconf 77' lang='grc' dir='ltr'><strong><em>ἐτόλμησαν.</em></strong></span> 
     </span>
    </p>

    <p class='ocr_par' dir='ltr' id='par_1_5' title="bbox 437 1129 1765 1190">
     <span class='ocr_line' id='line_1_15' title="bbox 437 1129 1765 1190; baseline 0.002 -16"><span class='ocrx_word' id='word_1_118' title='bbox 437 1133 504 1175; x_wconf 81' lang='lat'><strong><em>18.</em></strong></span> <span class='ocrx_word' id='word_1_119' title='bbox 576 1131 678 1175; x_wconf 84' lang='grc' dir='ltr'><strong><em>Τότε</em></strong></span> <span class='ocrx_word' id='word_1_120' title='bbox 703 1130 750 1174; x_wconf 77' lang='grc' dir='ltr'><strong><em>δὲ</em></strong></span> <span class='ocrx_word' id='word_1_121' title='bbox 774 1129 844 1172; x_wconf 76' lang='grc' dir='ltr'><strong><em>καὶ</em></strong></span> <span class='ocrx_word' id='word_1_122' title='bbox 867 1129 1088 1182; x_wconf 85' lang='grc' dir='ltr'><strong><em>Φλαμίνιος</em></strong></span> <span class='ocrx_word' id='word_1_123' title='bbox 1110 1130 1172 1172; x_wconf 77' lang='grc' dir='ltr'><strong><em>ἐπὶ</em></strong></span> <span class='ocrx_word' id='word_1_124' title='bbox 1191 1129 1236 1172; x_wconf 85' lang='grc' dir='ltr'><strong><em>τὸ</em></strong></span> <span class='ocrx_word' id='word_1_125' title='bbox 1252 1129 1395 1188; x_wconf 85' lang='grc' dir='ltr'><strong><em>’Άργος</em></strong></span> <span class='ocrx_word' id='word_1_126' title='bbox 1413 1130 1661 1190; x_wconf 77' lang='grc' dir='ltr'><strong><em>ἐστράτευσε.</em></strong></span> <span class='ocrx_word' id='word_1_127' title='bbox 1696 1133 1765 1176; x_wconf 81' lang='grc' dir='ltr'><strong><em>τὸν</em></strong></span> 
     </span>
    </p>

    <p class='ocr_par' dir='ltr' id='par_1_6' title="bbox 251 1195 1819 1736">
     <span class='ocr_line' id='line_1_16' title="bbox 251 1195 1819 1258; baseline -0.001 -15"><span class='ocrx_word' id='word_1_128' title='bbox 251 1210 282 1244; x_wconf 86' lang='lat' dir='ltr'>C</span> <span class='ocrx_word' id='word_1_129' title='bbox 303 1201 381 1258; x_wconf 79' lang='grc' dir='ltr'><strong><em>γὰρ</em></strong></span> <span class='ocrx_word' id='word_1_130' title='bbox 405 1200 540 1255; x_wconf 83' lang='grc' dir='ltr'><strong><em>Νάβιν</em></strong></span> <span class='ocrx_word' id='word_1_131' title='bbox 574 1200 663 1244; x_wconf 75' lang='grc' dir='ltr'><strong><em>οὕτε</em></strong></span> <span class='ocrx_word' id='word_1_132' title='bbox 687 1199 827 1258; x_wconf 78' lang='grc' dir='ltr'><strong><em>σφίσιν</em></strong></span> <span class='ocrx_word' id='word_1_133' title='bbox 850 1195 992 1239; x_wconf 87' lang='grc' dir='ltr'><strong><em>πιστὸν</em></strong></span> <span class='ocrx_word' id='word_1_134' title='bbox 1014 1198 1081 1238; x_wconf 84' lang='grc' dir='ltr'><strong><em>καὶ</em></strong></span> <span class='ocrx_word' id='word_1_135' title='bbox 1107 1204 1191 1248; x_wconf 87' lang='grc' dir='ltr'><strong><em>τοῖς</em></strong></span> <span class='ocrx_word' id='word_1_136' title='bbox 1204 1196 1368 1254; x_wconf 88' lang='grc' dir='ltr'><strong><em>Ἕλλησι</em></strong></span> <span class='ocrx_word' id='word_1_137' title='bbox 1400 1200 1576 1258; x_wconf 81' lang='grc' dir='ltr'><strong><em>φοβερὸν</em></strong></span> <span class='ocrx_word' id='word_1_138' title='bbox 1597 1198 1764 1258; x_wconf 75' lang='grc' dir='ltr'><strong><em>δρῶντες</em></strong></span> <span class='ocrx_word' id='word_1_139' title='bbox 1775 1207 1819 1243; x_wconf 83' lang='grc'><strong><em>15</em></strong></span> 
     </span>
     <span class='ocr_line' id='line_1_17' title="bbox 302 1262 1763 1325; baseline 0.001 -14"><span class='ocrx_word' id='word_1_140' title='bbox 302 1270 340 1311; x_wconf 77' lang='grc' dir='ltr'><strong><em>οἱ</em></strong></span> <span class='ocrx_word' id='word_1_141' title='bbox 368 1268 566 1323; x_wconf 70' lang='grc' dir='ltr'><strong><em>εΡωμαῖοι</em></strong></span> <span class='ocrx_word' id='word_1_142' title='bbox 597 1269 783 1323; x_wconf 76' lang='grc' dir='ltr'><strong><em>πολέμιον</em></strong></span> <span class='ocrx_word' id='word_1_143' title='bbox 805 1262 1060 1321; x_wconf 70' lang='grc' dir='ltr'><strong><em>ἐποιήσαντο.</em></strong></span> <span class='ocrx_word' id='word_1_144' title='bbox 1129 1268 1452 1323; x_wconf 77' lang='grc' dir='ltr'><strong><em>προσγενομένων</em></strong></span> <span class='ocrx_word' id='word_1_145' title='bbox 1475 1269 1520 1312; x_wconf 79' lang='grc' dir='ltr'><strong><em>δὲ</em></strong></span> <span class='ocrx_word' id='word_1_146' title='bbox 1541 1268 1763 1325; x_wconf 86' lang='grc' dir='ltr'><strong><em>συμμάχων</em></strong></span> 
     </span>
     <span class='ocr_line' id='line_1_18' title="bbox 302 1332 1762 1395; baseline 0.001 -15"><span class='ocrx_word' id='word_1_147' title='bbox 302 1339 346 1380; x_wconf 73' lang='grc' dir='ltr'><strong><em>ἔκ</em></strong></span> <span class='ocrx_word' id='word_1_148' title='bbox 378 1342 450 1380; x_wconf 84' lang='grc' dir='ltr'><strong><em>τοῦ</em></strong></span> <span class='ocrx_word' id='word_1_149' title='bbox 486 1339 688 1380; x_wconf 86' lang='grc' dir='ltr'><strong><em>Φιλίππου</em></strong></span> <span class='ocrx_word' id='word_1_150' title='bbox 722 1338 854 1395; x_wconf 75' lang='grc' dir='ltr'><strong><em>αὐτῷ,</em></strong></span> <span class='ocrx_word' id='word_1_151' title='bbox 900 1336 964 1379; x_wconf 70' lang='grc' dir='ltr'><strong><em>ἐπὶ</em></strong></span> <span class='ocrx_word' id='word_1_152' title='bbox 998 1333 1071 1386; x_wconf 82' lang='grc' dir='ltr'><strong><em>τὴν</em></strong></span> <span class='ocrx_word' id='word_1_153' title='bbox 1093 1332 1285 1391; x_wconf 81' lang='grc' dir='ltr'><strong><em>Σπάρτην</em></strong></span> <span class='ocrx_word' id='word_1_154' title='bbox 1308 1334 1455 1390; x_wconf 75' lang='grc' dir='ltr'><strong><em>ἤλασεν</em></strong></span> <span class='ocrx_word' id='word_1_155' title='bbox 1478 1335 1500 1379; x_wconf 82' lang='grc' dir='ltr'><em>ὃ</em></span> <span class='ocrx_word' id='word_1_156' title='bbox 1527 1339 1762 1392; x_wconf 81' lang='grc' dir='ltr'><strong><em>Φλαμίνιος,</em></strong></span> 
     </span>
     <span class='ocr_line' id='line_1_19' title="bbox 303 1402 1762 1463; baseline 0.001 -15"><span class='ocrx_word' id='word_1_157' title='bbox 303 1407 370 1448; x_wconf 84' lang='grc' dir='ltr'><strong><em>καὶ</em></strong></span> <span class='ocrx_word' id='word_1_158' title='bbox 394 1404 552 1456; x_wconf 82' lang='grc' dir='ltr'><strong><em>ἀπόνως</em></strong></span> <span class='ocrx_word' id='word_1_159' title='bbox 574 1406 624 1448; x_wconf 82' lang='grc' dir='ltr'><strong><em>τὰ</em></strong></span> <span class='ocrx_word' id='word_1_160' title='bbox 651 1404 838 1461; x_wconf 68' lang='grc' dir='ltr'><strong><em>Ταΰγετά</em></strong></span> <span class='ocrx_word' id='word_1_161' title='bbox 860 1422 901 1447; x_wconf 91' lang='grc' dir='ltr'><strong><em>τε</em></strong></span> <span class='ocrx_word' id='word_1_162' title='bbox 924 1402 1104 1459; x_wconf 70' lang='grc' dir='ltr'><strong><em>ὑπερέβη</em></strong></span> <span class='ocrx_word' id='word_1_163' title='bbox 1128 1404 1194 1444; x_wconf 82' lang='grc' dir='ltr'><strong><em>καὶ</em></strong></span> <span class='ocrx_word' id='word_1_164' title='bbox 1213 1402 1314 1459; x_wconf 83' lang='grc' dir='ltr'><strong><em>πρὸς</em></strong></span> <span class='ocrx_word' id='word_1_165' title='bbox 1332 1403 1404 1459; x_wconf 82' lang='grc' dir='ltr'><strong><em>τὴν</em></strong></span> <span class='ocrx_word' id='word_1_166' title='bbox 1421 1402 1535 1447; x_wconf 88' lang='grc' dir='ltr'><strong><em>πόλιν</em></strong></span> <span class='ocrx_word' id='word_1_167' title='bbox 1551 1410 1762 1463; x_wconf 84' lang='grc' dir='ltr'><strong><em>προσῆλθε</em></strong></span> 
     </span>
     <span class='ocr_line' id='line_1_20' title="bbox 301 1469 1763 1530; baseline 0 -14"><span class='ocrx_word' id='word_1_168' title='bbox 301 1474 475 1528; x_wconf 76' lang='grc' dir='ltr'><strong><em>μηδενὸς</em></strong></span> <span class='ocrx_word' id='word_1_169' title='bbox 499 1474 813 1528; x_wconf 77' lang='grc' dir='ltr'><strong><em>ἐναντιουμένου.</em></strong></span> <span class='ocrx_word' id='word_1_170' title='bbox 866 1471 887 1515; x_wconf 82' lang='grc' dir='ltr'><strong>ὅ</strong></span> <span class='ocrx_word' id='word_1_171' title='bbox 910 1472 988 1530; x_wconf 79' lang='grc' dir='ltr'><strong><em>γὰρ</em></strong></span> <span class='ocrx_word' id='word_1_172' title='bbox 1012 1471 1162 1526; x_wconf 82' lang='grc' dir='ltr'><strong><em>Νάβις,</em></strong></span> <span class='ocrx_word' id='word_1_173' title='bbox 1183 1469 1293 1521; x_wconf 77' lang='grc' dir='ltr'><strong><em>’τούς</em></strong></span> <span class='ocrx_word' id='word_1_174' title='bbox 1315 1489 1356 1514; x_wconf 91' lang='grc' dir='ltr'><strong><em>τε</em></strong></span> <span class='ocrx_word' id='word_1_175' title='bbox 1374 1470 1604 1527; x_wconf 66' lang='grc' dir='ltr'><strong><em>εΡωμαίους</em></strong></span> <span class='ocrx_word' id='word_1_176' title='bbox 1626 1475 1763 1525; x_wconf 80' lang='grc' dir='ltr'><strong><em>δείσας</em></strong></span> 
     </span>
     <span class='ocr_line' id='line_1_21' title="bbox 304 1538 1815 1599; baseline 0.001 -15"><span class='ocrx_word' id='word_1_177' title='bbox 304 1543 371 1584; x_wconf 82' lang='grc' dir='ltr'><strong><em>καὶ</em></strong></span> <span class='ocrx_word' id='word_1_178' title='bbox 402 1542 496 1593; x_wconf 82' lang='grc' dir='ltr'><strong><em>τοὺς</em></strong></span> <span class='ocrx_word' id='word_1_179' title='bbox 525 1543 759 1599; x_wconf 75' lang='grc' dir='ltr'><strong><em>ἐπιχωρίους</em></strong></span> <span class='ocrx_word' id='word_1_180' title='bbox 781 1539 1046 1594; x_wconf 75' lang='grc' dir='ltr'><strong><em>ἱποπτεύσας,</em></strong></span> <span class='ocrx_word' id='word_1_181' title='bbox 1083 1541 1156 1584; x_wconf 78' lang='grc' dir='ltr'><strong><em>οὐκ</em></strong></span> <span class='ocrx_word' id='word_1_182' title='bbox 1179 1538 1347 1595; x_wconf 73' lang='grc' dir='ltr'><strong><em>ἐκινήθη</em></strong></span> <span class='ocrx_word' id='word_1_183' title='bbox 1374 1539 1475 1584; x_wconf 82' lang='grc' dir='ltr'><strong><em>ὥστε</em></strong></span> <span class='ocrx_word' id='word_1_184' title='bbox 1497 1548 1752 1599; x_wconf 80' lang='grc' dir='ltr'><strong><em>προαπαντῆ-</em></strong></span> <span class='ocrx_word' id='word_1_185' title='bbox 1769 1549 1815 1584; x_wconf 84' lang='lat'><strong><em>20</em></strong></span> 
     </span>
     <span class='ocr_line' id='line_1_22' title="bbox 303 1609 1759 1669; baseline 0.001 -17"><span class='ocrx_word' id='word_1_186' title='bbox 303 1626 373 1652; x_wconf 91' lang='grc' dir='ltr'><strong><em>σαι</em></strong></span> <span class='ocrx_word' id='word_1_187' title='bbox 401 1615 457 1669; x_wconf 78' lang='grc' dir='ltr'><strong><em>τῷ</em></strong></span> <span class='ocrx_word' id='word_1_188' title='bbox 495 1611 726 1668; x_wconf 81' lang='grc' dir='ltr'><strong><em>Φλαμινίῳ·</em></strong></span> <span class='ocrx_word' id='word_1_189' title='bbox 772 1609 1035 1665; x_wconf 87' lang='grc' dir='ltr'><strong><em>πλησιάσαντι</em></strong></span> <span class='ocrx_word' id='word_1_190' title='bbox 1067 1610 1112 1652; x_wconf 75' lang='grc' dir='ltr'><strong><em>δὲ</em></strong></span> <span class='ocrx_word' id='word_1_191' title='bbox 1142 1609 1402 1664; x_wconf 74' lang='grc' dir='ltr'><strong><em>ἕπεξέὸραμε,</em></strong></span> <span class='ocrx_word' id='word_1_192' title='bbox 1446 1610 1759 1668; x_wconf 83' lang='grc' dir='ltr'><strong><em>καταφρονήσας</em></strong></span> 
     </span>
     <span class='ocr_line' id='line_1_23' title="bbox 305 1675 1758 1736; baseline 0.002 -17"><span class='ocrx_word' id='word_1_193' title='bbox 305 1676 374 1720; x_wconf 78' lang='grc' dir='ltr'><strong><em>διά</em></strong></span> <span class='ocrx_word' id='word_1_194' title='bbox 406 1696 447 1721; x_wconf 88' lang='grc' dir='ltr'><strong><em>τε</em></strong></span> <span class='ocrx_word' id='word_1_195' title='bbox 476 1678 545 1722; x_wconf 88' lang='grc' dir='ltr'><strong><em>τὸν</em></strong></span> <span class='ocrx_word' id='word_1_196' title='bbox 568 1677 748 1733; x_wconf 84' lang='grc' dir='ltr'><strong><em>κάματον</em></strong></span> <span class='ocrx_word' id='word_1_197' title='bbox 771 1678 840 1721; x_wconf 85' lang='grc' dir='ltr'><strong><em>τὸν</em></strong></span> <span class='ocrx_word' id='word_1_198' title='bbox 862 1679 904 1720; x_wconf 78' lang='grc' dir='ltr'><strong><em>ἔκ</em></strong></span> <span class='ocrx_word' id='word_1_199' title='bbox 926 1682 998 1734; x_wconf 82' lang='grc' dir='ltr'><strong><em>τῆς</em></strong></span> <span class='ocrx_word' id='word_1_200' title='bbox 1019 1679 1182 1736; x_wconf 84' lang='grc' dir='ltr'><strong><em>πορείας</em></strong></span> <span class='ocrx_word' id='word_1_201' title='bbox 1206 1680 1271 1720; x_wconf 85' lang='grc' dir='ltr'><strong><em>’καὶ</em></strong></span> <span class='ocrx_word' id='word_1_202' title='bbox 1295 1675 1356 1720; x_wconf 77' lang='grc' dir='ltr'><strong><em>ὅτι</em></strong></span> <span class='ocrx_word' id='word_1_203' title='bbox 1379 1679 1469 1736; x_wconf 79' lang='grc' dir='ltr'><strong><em>περὶ</em></strong></span> <span class='ocrx_word' id='word_1_204' title='bbox 1490 1677 1563 1733; x_wconf 88' lang='grc' dir='ltr'><strong><em>τὴν</em></strong></span> <span class='ocrx_word' id='word_1_205' title='bbox 1585 1696 1758 1736; x_wconf 88' lang='grc' dir='ltr'><strong><em>στρατο-</em></strong></span> 
     </span>
    </p>
   </div>
   <div class='ocr_carea' id='block_1_3' title="bbox 391 1802 1756 1899">
    <p class='ocr_par' dir='ltr' id='par_1_7' title="bbox 391 1802 1756 1899">
     <span class='ocr_line' id='line_1_24' title="bbox 391 1802 1756 1854; baseline 0.001 -13"><span class='ocrx_word' id='word_1_206' title='bbox 391 1807 416 1841; x_wconf 90' lang='grc'>8</span> <span class='ocrx_word' id='word_1_207' title='bbox 438 1805 480 1841; x_wconf 88' lang='grc' dir='ltr'><strong><em>τὸ</em></strong></span> <span class='ocrx_word' id='word_1_208' title='bbox 504 1808 570 1842; x_wconf 86' lang='lat' dir='ltr'><strong><em>add</em></strong></span> <span class='ocrx_word' id='word_1_209' title='bbox 593 1809 636 1841; x_wconf 91' lang='lat' dir='ltr'><strong><em>A.</em></strong></span> <span class='ocrx_word' id='word_1_210' title='bbox 776 1809 821 1843; x_wconf 90' lang='lat'><strong><em>10</em></strong></span> <span class='ocrx_word' id='word_1_211' title='bbox 842 1804 942 1842; x_wconf 82' lang='grc' dir='ltr'><strong><em>δόσει</em></strong></span> <span class='ocrx_word' id='word_1_212' title='bbox 965 1818 1018 1841; x_wconf 90' lang='lat' dir='ltr'><strong><em>om</em></strong></span> <span class='ocrx_word' id='word_1_213' title='bbox 1040 1807 1083 1842; x_wconf 88' lang='lat' dir='ltr'><strong><em>A.</em></strong></span> <span class='ocrx_word' id='word_1_214' title='bbox 1221 1806 1266 1842; x_wconf 82' lang='lat'><strong><em>13</em></strong></span> <span class='ocrx_word' id='word_1_215' title='bbox 1288 1802 1514 1854; x_wconf 76' lang='grc' dir='ltr'><strong><em>ἐτόλμησαν]</em></strong></span> <span class='ocrx_word' id='word_1_216' title='bbox 1538 1807 1686 1854; x_wconf 75' lang='grc' dir='ltr'><strong><em>ἴσχυσαν</em></strong></span> <span class='ocrx_word' id='word_1_217' title='bbox 1711 1809 1756 1843; x_wconf 91' lang='lat' dir='ltr'><strong><em>C.</em></strong></span> 
     </span>
     <span class='ocr_line' id='line_1_25' title="bbox 398 1849 1754 1899; baseline 0 -12"><span class='ocrx_word' id='word_1_218' title='bbox 398 1852 443 1888; x_wconf 87' lang='grc'><strong><em>16</em></strong></span> <span class='ocrx_word' id='word_1_219' title='bbox 467 1849 531 1898; x_wconf 77' lang='grc' dir='ltr'><strong><em>δὲ]</em></strong></span> <span class='ocrx_word' id='word_1_220' title='bbox 555 1849 597 1887; x_wconf 73' lang='grc' dir='ltr'><strong><em>δὲ</em></strong></span> <span class='ocrx_word' id='word_1_221' title='bbox 621 1851 684 1887; x_wconf 79' lang='grc' dir='ltr'><strong><em>καὶ</em></strong></span> <span class='ocrx_word' id='word_1_222' title='bbox 707 1854 747 1888; x_wconf 89' lang='grc' dir='ltr'><strong><em>Α.</em></strong></span> <span class='ocrx_word' id='word_1_223' title='bbox 869 1853 917 1888; x_wconf 83' lang='lat'><strong><em>20</em></strong></span> <span class='ocrx_word' id='word_1_224' title='bbox 938 1852 1220 1898; x_wconf 79' lang='grc' dir='ltr'><strong><em>προϋπαντῆσαι</em></strong></span> <span class='ocrx_word' id='word_1_225' title='bbox 1242 1853 1283 1890; x_wconf 90' lang='lat' dir='ltr'><strong><em>B.</em></strong></span> <span class='ocrx_word' id='word_1_226' title='bbox 1395 1853 1438 1888; x_wconf 82' lang='lat'><strong><em>21</em></strong></span> <span class='ocrx_word' id='word_1_227' title='bbox 1462 1851 1688 1899; x_wconf 75' lang='grc' dir='ltr'><strong><em>ὑπεξέδραμε</em></strong></span> <span class='ocrx_word' id='word_1_228' title='bbox 1711 1855 1754 1888; x_wconf 88' lang='grc' dir='ltr'><strong><em>Β.</em></strong></span> 
     </span>
    </p>
   </div>
   <div class='ocr_carea' id='block_1_4' title="bbox 439 1938 1753 1991">
    <p class='ocr_par' dir='ltr' id='par_1_8' title="bbox 439 1938 1753 1991">
     <span class='ocr_line' id='line_1_26' title="bbox 439 1938 1753 1991; baseline 0.002 -14"><span class='ocrx_word' id='word_1_229' title='bbox 439 1943 607 1979; x_wconf 67' lang='lat' dir='ltr'><strong><em>Fames.</em></strong></span> <span class='ocrx_word' id='word_1_230' title='bbox 655 1944 742 1989; x_wconf 53' lang='lat' dir='ltr'><strong><em>Gap„</em></strong></span> <span class='ocrx_word' id='word_1_231' title='bbox 774 1944 828 1980; x_wconf 89' lang='lat'><strong><em>18.</em></strong></span> <span class='ocrx_word' id='word_1_232' title='bbox 877 1944 1001 1978; x_wconf 74' lang='lat' dir='ltr'><strong><em>Dionis</em></strong></span> <span class='ocrx_word' id='word_1_233' title='bbox 1039 1944 1217 1980; x_wconf 74' lang='lat' dir='ltr'><strong><em>Historiae</em></strong></span> <span class='ocrx_word' id='word_1_234' title='bbox 1245 1945 1426 1980; x_wconf 77' lang='lat' dir='ltr'><em>Romanae</em></span> <span class='ocrx_word' id='word_1_235' title='bbox 1454 1945 1535 1980; x_wconf 75' lang='lat' dir='ltr'><strong><em>libri</em></strong></span> <span class='ocrx_word' id='word_1_236' title='bbox 1568 1938 1753 1991; x_wconf 73' lang='lat' dir='ltr'><strong><em>deperditi.</em></strong></span> 
     </span>
    </p>
   </div>
   <div class='ocr_carea' id='block_1_5' title="bbox 294 2056 1820 2834">
    <p class='ocr_par' dir='ltr' id='par_1_9' title="bbox 297 2056 1756 2239">
     <span class='ocr_line' id='line_1_27' title="bbox 299 2056 1756 2102; baseline 0.001 -11"><span class='ocrx_word' id='word_1_237' title='bbox 299 2057 412 2092; x_wconf 78' lang='lat' dir='ltr'><strong><em>missis</em></strong></span> <span class='ocrx_word' id='word_1_238' title='bbox 445 2057 633 2102; x_wconf 85' lang='lat' dir='ltr'><strong><em>eodemque</em></strong></span> <span class='ocrx_word' id='word_1_239' title='bbox 664 2056 721 2091; x_wconf 84' lang='lat' dir='ltr'><strong><em>die</em></strong></span> <span class='ocrx_word' id='word_1_240' title='bbox 750 2056 913 2100; x_wconf 81' lang='lat' dir='ltr'><strong><em>redditis,</em></strong></span> <span class='ocrx_word' id='word_1_241' title='bbox 960 2056 1074 2091; x_wconf 79' lang='lat' dir='ltr'><strong><em>omnia</em></strong></span> <span class='ocrx_word' id='word_1_242' title='bbox 1108 2058 1244 2092; x_wconf 85' lang='lat' dir='ltr'><strong><em>moenia</em></strong></span> <span class='ocrx_word' id='word_1_243' title='bbox 1278 2056 1398 2092; x_wconf 88' lang='lat' dir='ltr'><strong><em>eodem</em></strong></span> <span class='ocrx_word' id='word_1_244' title='bbox 1429 2057 1488 2092; x_wconf 84' lang='lat' dir='ltr'><strong><em>die</em></strong></span> <span class='ocrx_word' id='word_1_245' title='bbox 1517 2057 1611 2092; x_wconf 86' lang='lat' dir='ltr'><strong><em>dirui</em></strong></span> <span class='ocrx_word' id='word_1_246' title='bbox 1641 2057 1756 2102; x_wconf 72' lang='lat' dir='ltr'><strong><em>iussit,</em></strong></span> 
     </span>
     <span class='ocr_line' id='line_1_28' title="bbox 297 2102 1753 2149; baseline 0.001 -12"><span class='ocrx_word' id='word_1_247' title='bbox 297 2103 553 2137; x_wconf 82' lang='lat' dir='ltr'>contumacibus</span> <span class='ocrx_word' id='word_1_248' title='bbox 596 2108 736 2137; x_wconf 85' lang='lat' dir='ltr'><strong><em>mortem</em></strong></span> <span class='ocrx_word' id='word_1_249' title='bbox 774 2102 1008 2138; x_wconf 82' lang='lat' dir='ltr'><strong><em>comminatus.</em></strong></span> <span class='ocrx_word' id='word_1_250' title='bbox 1062 2103 1188 2148; x_wconf 72' lang='lat' dir='ltr'><strong><em>quibus</em></strong></span> <span class='ocrx_word' id='word_1_251' title='bbox 1220 2103 1440 2148; x_wconf 77' lang='lat' dir='ltr'><strong><em>magistratus</em></strong></span> <span class='ocrx_word' id='word_1_252' title='bbox 1476 2103 1597 2147; x_wconf 70' lang='lat' dir='ltr'><strong><em>lectis,</em></strong></span> <span class='ocrx_word' id='word_1_253' title='bbox 1629 2103 1753 2149; x_wconf 77' lang='lat' dir='ltr'><strong><em>singuli</em></strong></span> 
     </span>
     <span class='ocr_line' id='line_1_29' title="bbox 298 2148 1755 2196; baseline 0.001 -14"><span class='ocrx_word' id='word_1_254' title='bbox 298 2153 463 2194; x_wconf 79' lang='lat' dir='ltr'><strong><em>putantes</em></strong></span> <span class='ocrx_word' id='word_1_255' title='bbox 487 2148 555 2182; x_wconf 81' lang='lat' dir='ltr'><strong><em>sibi</em></strong></span> <span class='ocrx_word' id='word_1_256' title='bbox 579 2148 662 2182; x_wconf 86' lang='lat' dir='ltr'><strong><em>solis</em></strong></span> <span class='ocrx_word' id='word_1_257' title='bbox 685 2149 737 2183; x_wconf 86' lang='lat' dir='ltr'><strong><em>ita</em></strong></span> <span class='ocrx_word' id='word_1_258' title='bbox 759 2149 923 2194; x_wconf 87' lang='lat' dir='ltr'><strong><em>scriptum</em></strong></span> <span class='ocrx_word' id='word_1_259' title='bbox 946 2159 1035 2192; x_wconf 77' lang='lat' dir='ltr'><strong><em>esse,</em></strong></span> <span class='ocrx_word' id='word_1_260' title='bbox 1058 2160 1102 2184; x_wconf 84' lang='lat' dir='ltr'><strong><em>ne</em></strong></span> <span class='ocrx_word' id='word_1_261' title='bbox 1124 2148 1237 2196; x_wconf 82' lang='lat' dir='ltr'><strong><em>spatio</em></strong></span> <span class='ocrx_word' id='word_1_262' title='bbox 1267 2148 1406 2194; x_wconf 84' lang='lat' dir='ltr'><strong><em>quidem</em></strong></span> <span class='ocrx_word' id='word_1_263' title='bbox 1428 2149 1471 2183; x_wconf 86' lang='lat' dir='ltr'><strong><em>ad</em></strong></span> <span class='ocrx_word' id='word_1_264' title='bbox 1495 2149 1755 2184; x_wconf 83' lang='lat' dir='ltr'><strong><em>deliberandum</em></strong></span> 
     </span>
     <span class='ocr_line' id='line_1_30' title="bbox 299 2194 1040 2239; baseline 0 -10"><span class='ocrx_word' id='word_1_265' title='bbox 299 2199 435 2239; x_wconf 76' lang='lat' dir='ltr'><strong><em>sumpto</em></strong></span> <span class='ocrx_word' id='word_1_266' title='bbox 458 2194 665 2228; x_wconf 82' lang='lat' dir='ltr'><strong><em>munitiones</em></strong></span> <span class='ocrx_word' id='word_1_267' title='bbox 689 2206 804 2229; x_wconf 89' lang='lat' dir='ltr'><strong><em>omnes</em></strong></span> <span class='ocrx_word' id='word_1_268' title='bbox 828 2194 1040 2229; x_wconf 83' lang='lat' dir='ltr'><strong><em>deiecerunt.</em></strong></span> 
     </span>
    </p>

    <p class='ocr_par' dir='ltr' id='par_1_10' title="bbox 299 2239 1820 2469">
     <span class='ocr_line' id='line_1_31' title="bbox 437 2239 1752 2285; baseline 0.001 -12"><span class='ocrx_word' id='word_1_269' title='bbox 437 2240 572 2274; x_wconf 84' lang='lat' dir='ltr'><strong><em>Iberum</em></strong></span> <span class='ocrx_word' id='word_1_270' title='bbox 604 2246 862 2285; x_wconf 82' lang='lat' dir='ltr'><strong><em>transgressus,</em></strong></span> <span class='ocrx_word' id='word_1_271' title='bbox 894 2251 969 2273; x_wconf 92' lang='lat' dir='ltr'><strong><em>cum</em></strong></span> <span class='ocrx_word' id='word_1_272' title='bbox 992 2239 1177 2274; x_wconf 69' lang='lat' dir='ltr'><strong><em>Celtiberia</em></strong></span> <span class='ocrx_word' id='word_1_273' title='bbox 1198 2240 1347 2274; x_wconf 82' lang='lat' dir='ltr'><strong><em>hostium</em></strong></span> <span class='ocrx_word' id='word_1_274' title='bbox 1368 2239 1474 2274; x_wconf 79' lang='lat' dir='ltr'><strong><em>sociis</em></strong></span> <span class='ocrx_word' id='word_1_275' title='bbox 1497 2240 1540 2274; x_wconf 87' lang='lat' dir='ltr'><strong><em>ob</em></strong></span> <span class='ocrx_word' id='word_1_276' title='bbox 1563 2239 1752 2275; x_wconf 83' lang='lat' dir='ltr'><strong><em>multitudi-</em></strong></span> 
     </span>
     <span class='ocr_line' id='line_1_32' title="bbox 300 2285 1752 2330; baseline 0.001 -11"><span class='ocrx_word' id='word_1_277' title='bbox 300 2297 377 2319; x_wconf 89' lang='lat' dir='ltr'><strong><em>nem</em></strong></span> <span class='ocrx_word' id='word_1_278' title='bbox 402 2286 564 2329; x_wconf 85' lang='lat' dir='ltr'><strong><em>congredi</em></strong></span> <span class='ocrx_word' id='word_1_279' title='bbox 587 2297 654 2319; x_wconf 90' lang='lat' dir='ltr'><strong><em>non</em></strong></span> <span class='ocrx_word' id='word_1_280' title='bbox 677 2297 791 2330; x_wconf 86' lang='lat' dir='ltr'><strong><em>ausus,</em></strong></span> <span class='ocrx_word' id='word_1_281' title='bbox 814 2285 1020 2320; x_wconf 87' lang='lat' dir='ltr'><strong><em>mirabiliter</em></strong></span> <span class='ocrx_word' id='word_1_282' title='bbox 1042 2286 1195 2320; x_wconf 81' lang='lat' dir='ltr'><strong><em>homines</em></strong></span> <span class='ocrx_word' id='word_1_283' title='bbox 1217 2285 1400 2329; x_wconf 80' lang='lat' dir='ltr'><strong><em>tractavit,</em></strong></span> <span class='ocrx_word' id='word_1_284' title='bbox 1430 2286 1516 2320; x_wconf 75' lang='lat' dir='ltr'><strong><em>alias</em></strong></span> <span class='ocrx_word' id='word_1_285' title='bbox 1539 2285 1669 2320; x_wconf 84' lang='lat' dir='ltr'><strong><em>maiora</em></strong></span> <span class='ocrx_word' id='word_1_286' title='bbox 1690 2286 1752 2320; x_wconf 84' lang='lat' dir='ltr'><strong><em>sti-</em></strong></span> 
     </span>
     <span class='ocr_line' id='line_1_33' title="bbox 299 2331 1754 2377; baseline 0.001 -13"><span class='ocrx_word' id='word_1_287' title='bbox 299 2333 426 2377; x_wconf 85' lang='lat' dir='ltr'><strong><em>pendia</em></strong></span> <span class='ocrx_word' id='word_1_288' title='bbox 451 2331 642 2375; x_wconf 83' lang='lat' dir='ltr'><strong><em>pollicendo</em></strong></span> <span class='ocrx_word' id='word_1_289' title='bbox 669 2336 707 2366; x_wconf 74' lang='lat' dir='ltr'><strong><em>ut</em></strong></span> <span class='ocrx_word' id='word_1_290' title='bbox 733 2333 776 2366; x_wconf 86' lang='lat' dir='ltr'><strong><em>ad</em></strong></span> <span class='ocrx_word' id='word_1_291' title='bbox 800 2343 838 2365; x_wconf 82' lang='lat' dir='ltr'><strong><em>se</em></strong></span> <span class='ocrx_word' id='word_1_292' title='bbox 863 2331 1062 2375; x_wconf 83' lang='lat' dir='ltr'><strong><em>transirent,</em></strong></span> <span class='ocrx_word' id='word_1_293' title='bbox 1087 2332 1171 2365; x_wconf 74' lang='lat' dir='ltr'><strong><em>alias</em></strong></span> <span class='ocrx_word' id='word_1_294' title='bbox 1195 2332 1360 2366; x_wconf 88' lang='lat' dir='ltr'><strong><em>monendo</em></strong></span> <span class='ocrx_word' id='word_1_295' title='bbox 1387 2337 1426 2366; x_wconf 82' lang='lat' dir='ltr'><strong><em>ut</em></strong></span> <span class='ocrx_word' id='word_1_296' title='bbox 1440 2333 1571 2366; x_wconf 87' lang='lat' dir='ltr'><strong><em>domum</em></strong></span> <span class='ocrx_word' id='word_1_297' title='bbox 1585 2331 1754 2374; x_wconf 82' lang='lat' dir='ltr'><strong><em>redirent,</em></strong></span> 
     </span>
     <span class='ocr_line' id='line_1_34' title="bbox 299 2377 1820 2422; baseline 0.001 -12"><span class='ocrx_word' id='word_1_298' title='bbox 299 2377 385 2412; x_wconf 82' lang='lat' dir='ltr'><strong><em>alias</em></strong></span> <span class='ocrx_word' id='word_1_299' title='bbox 413 2377 516 2411; x_wconf 88' lang='lat' dir='ltr'><strong><em>etiam</em></strong></span> <span class='ocrx_word' id='word_1_300' title='bbox 550 2382 677 2411; x_wconf 79' lang='lat' dir='ltr'><strong><em>certum</em></strong></span> <span class='ocrx_word' id='word_1_301' title='bbox 710 2389 847 2422; x_wconf 84' lang='lat' dir='ltr'><strong><em>pugnae</em></strong></span> <span class='ocrx_word' id='word_1_302' title='bbox 880 2377 970 2411; x_wconf 84' lang='lat' dir='ltr'><strong><em>diem</em></strong></span> <span class='ocrx_word' id='word_1_303' title='bbox 1008 2377 1231 2422; x_wconf 81' lang='lat' dir='ltr'><strong><em>designando.</em></strong></span> <span class='ocrx_word' id='word_1_304' title='bbox 1285 2377 1336 2411; x_wconf 83' lang='lat' dir='ltr'><strong><em>ita</em></strong></span> <span class='ocrx_word' id='word_1_305' title='bbox 1366 2378 1493 2412; x_wconf 84' lang='lat' dir='ltr'><strong><em>factum</em></strong></span> <span class='ocrx_word' id='word_1_306' title='bbox 1521 2382 1560 2412; x_wconf 85' lang='lat' dir='ltr'><strong><em>ut</em></strong></span> <span class='ocrx_word' id='word_1_307' title='bbox 1589 2377 1682 2411; x_wconf 84' lang='lat' dir='ltr'><strong><em>inter</em></strong></span> <span class='ocrx_word' id='word_1_308' title='bbox 1709 2388 1752 2411; x_wconf 81' lang='lat' dir='ltr'><strong><em>-se</em></strong></span> <span class='ocrx_word' id='word_1_309' title='bbox 1818 2383 1820 2403; x_wconf 60' lang='grc' dir='ltr'>ἑ</span> 
     </span>
     <span class='ocr_line' id='line_1_35' title="bbox 299 2409 1820 2469; baseline -0.001 -12"><span class='ocrx_word' id='word_1_310' title='bbox 299 2423 547 2457; x_wconf 84' lang='lat' dir='ltr'><strong><em>dissentientes</em></strong></span> <span class='ocrx_word' id='word_1_311' title='bbox 572 2434 646 2457; x_wconf 91' lang='lat' dir='ltr'><strong><em>cum</em></strong></span> <span class='ocrx_word' id='word_1_312' title='bbox 672 2435 713 2457; x_wconf 89' lang='lat' dir='ltr'><strong><em>eo</em></strong></span> <span class='ocrx_word' id='word_1_313' title='bbox 739 2434 894 2469; x_wconf 83' lang='lat' dir='ltr'><strong><em>pugnare</em></strong></span> <span class='ocrx_word' id='word_1_314' title='bbox 918 2422 993 2457; x_wconf 82' lang='lat' dir='ltr'><strong><em>ausi</em></strong></span> <span class='ocrx_word' id='word_1_315' title='bbox 1014 2427 1081 2457; x_wconf 80' lang='lat' dir='ltr'><strong><em>n‘on</em></strong></span> <span class='ocrx_word' id='word_1_316' title='bbox 1104 2422 1246 2458; x_wconf 88' lang='lat' dir='ltr'><strong><em>fuerint.</em></strong></span> <span class='ocrx_word' id='word_1_317' title='bbox 1818 2409 1820 2446; x_wconf 45' lang='grc' dir='ltr'><strong><em>ί</em></strong></span> 
     </span>
    </p>

    <p class='ocr_par' dir='ltr' id='par_1_11' title="bbox 294 2467 1752 2834">
     <span class='ocr_line' id='line_1_36' title="bbox 437 2467 1750 2514; baseline 0 -12"><span class='ocrx_word' id='word_1_318' title='bbox 437 2469 497 2504; x_wconf 57' lang='grc'><strong><em>18(</em></strong></span> <span class='ocrx_word' id='word_1_319' title='bbox 539 2468 628 2502; x_wconf 92' lang='lat' dir='ltr'><strong><em>Tum</em></strong></span> <span class='ocrx_word' id='word_1_320' title='bbox 652 2470 839 2504; x_wconf 83' lang='lat' dir='ltr'><strong><em>Flaminius</em></strong></span> <span class='ocrx_word' id='word_1_321' title='bbox 863 2469 974 2513; x_wconf 82' lang='lat' dir='ltr'><strong><em>Argos</em></strong></span> <span class='ocrx_word' id='word_1_322' title='bbox 1008 2468 1235 2514; x_wconf 85' lang='lat' dir='ltr'><strong><em>oppugnavit.</em></strong></span> <span class='ocrx_word' id='word_1_323' title='bbox 1280 2467 1426 2502; x_wconf 76' lang='lat' dir='ltr'><strong><em>Romani</em></strong></span> <span class='ocrx_word' id='word_1_324' title='bbox 1454 2468 1544 2503; x_wconf 88' lang='lat' dir='ltr'><strong><em>enim</em></strong></span> <span class='ocrx_word' id='word_1_325' title='bbox 1567 2467 1750 2511; x_wconf 85' lang='lat' dir='ltr'><strong><em>Nabidem,</em></strong></span> 
     </span>
     <span class='ocr_line' id='line_1_37' title="bbox 297 2513 1751 2559; baseline 0 -12"><span class='ocrx_word' id='word_1_326' title='bbox 297 2525 412 2559; x_wconf 89' lang='lat' dir='ltr'><strong><em>neque</em></strong></span> <span class='ocrx_word' id='word_1_327' title='bbox 436 2515 504 2549; x_wconf 87' lang='lat' dir='ltr'><strong><em>sibi</em></strong></span> <span class='ocrx_word' id='word_1_328' title='bbox 529 2513 632 2548; x_wconf 89' lang='lat' dir='ltr'><strong><em>fidum</em></strong></span> <span class='ocrx_word' id='word_1_329' title='bbox 658 2520 694 2549; x_wconf 86' lang='lat' dir='ltr'><strong><em>et</em></strong></span> <span class='ocrx_word' id='word_1_330' title='bbox 717 2515 863 2549; x_wconf 87' lang='lat' dir='ltr'><strong><em>Graecis</em></strong></span> <span class='ocrx_word' id='word_1_331' title='bbox 886 2514 1155 2558; x_wconf 88' lang='lat' dir='ltr'><strong><em>formidabilem,</em></strong></span> <span class='ocrx_word' id='word_1_332' title='bbox 1180 2513 1313 2548; x_wconf 85' lang='lat' dir='ltr'><strong><em>hostem</em></strong></span> <span class='ocrx_word' id='word_1_333' title='bbox 1337 2513 1544 2548; x_wconf 74' lang='lat' dir='ltr'><strong><em>iudicarant.</em></strong></span> <span class='ocrx_word' id='word_1_334' title='bbox 1592 2514 1654 2548; x_wconf 78' lang='lat' dir='ltr'><strong><em>sed</em></strong></span> <span class='ocrx_word' id='word_1_335' title='bbox 1677 2525 1751 2547; x_wconf 91' lang='lat' dir='ltr'><strong><em>cum</em></strong></span> 
     </span>
     <span class='ocr_line' id='line_1_38' title="bbox 298 2559 1750 2606; baseline 0 -14"><span class='ocrx_word' id='word_1_336' title='bbox 298 2560 331 2592; x_wconf 85' lang='lat' dir='ltr'><strong><em>ei</em></strong></span> <span class='ocrx_word' id='word_1_337' title='bbox 366 2561 493 2595; x_wconf 85' lang='lat' dir='ltr'><strong><em>auxilia</em></strong></span> <span class='ocrx_word' id='word_1_338' title='bbox 518 2571 538 2593; x_wconf 82' lang='lat' dir='ltr'><strong><em>a</em></strong></span> <span class='ocrx_word' id='word_1_339' title='bbox 560 2560 720 2606; x_wconf 86' lang='lat' dir='ltr'><strong><em>Philippo</em></strong></span> <span class='ocrx_word' id='word_1_340' title='bbox 757 2561 861 2595; x_wconf 88' lang='lat' dir='ltr'><strong><em>missa</em></strong></span> <span class='ocrx_word' id='word_1_341' title='bbox 894 2566 1031 2603; x_wconf 83' lang='lat' dir='ltr'><strong><em>essent,</em></strong></span> <span class='ocrx_word' id='word_1_342' title='bbox 1066 2559 1255 2595; x_wconf 80' lang='lat' dir='ltr'><strong><em>Flaminius</em></strong></span> <span class='ocrx_word' id='word_1_343' title='bbox 1284 2560 1446 2605; x_wconf 82' lang='lat' dir='ltr'><strong><em>Spartam</em></strong></span> <span class='ocrx_word' id='word_1_344' title='bbox 1477 2563 1750 2605; x_wconf 80' lang='lat' dir='ltr'><strong><em>oppugnaturus,</em></strong></span> 
     </span>
     <span class='ocr_line' id='line_1_39' title="bbox 298 2605 1752 2651; baseline 0 -13"><span class='ocrx_word' id='word_1_345' title='bbox 298 2605 461 2650; x_wconf 85' lang='lat' dir='ltr'><strong><em>Taygeto</em></strong></span> <span class='ocrx_word' id='word_1_346' title='bbox 491 2610 607 2640; x_wconf 85' lang='lat' dir='ltr'><strong><em>monte</em></strong></span> <span class='ocrx_word' id='word_1_347' title='bbox 639 2607 726 2640; x_wconf 80' lang='lat' dir='ltr'><strong><em>citra</em></strong></span> <span class='ocrx_word' id='word_1_348' title='bbox 756 2606 905 2641; x_wconf 89' lang='lat' dir='ltr'><strong><em>laborem</em></strong></span> <span class='ocrx_word' id='word_1_349' title='bbox 938 2610 1122 2651; x_wconf 82' lang='lat' dir='ltr'><strong><em>superato,</em></strong></span> <span class='ocrx_word' id='word_1_350' title='bbox 1156 2606 1200 2639; x_wconf 84' lang='lat' dir='ltr'><strong><em>ad</em></strong></span> <span class='ocrx_word' id='word_1_351' title='bbox 1224 2606 1333 2650; x_wconf 88' lang='lat' dir='ltr'><strong><em>ipsam</em></strong></span> <span class='ocrx_word' id='word_1_352' title='bbox 1356 2616 1466 2650; x_wconf 83' lang='lat' dir='ltr'><strong><em>usque</em></strong></span> <span class='ocrx_word' id='word_1_353' title='bbox 1490 2607 1608 2640; x_wconf 84' lang='lat' dir='ltr'><strong><em>urbem</em></strong></span> <span class='ocrx_word' id='word_1_354' title='bbox 1627 2605 1752 2638; x_wconf 85' lang='lat' dir='ltr'><strong><em>adver-</em></strong></span> 
     </span>
     <span class='ocr_line' id='line_1_40' title="bbox 296 2651 1750 2696; baseline 0.001 -13"><span class='ocrx_word' id='word_1_355' title='bbox 296 2658 395 2684; x_wconf 82' lang='lat' dir='ltr'><strong><em>sante</em></strong></span> <span class='ocrx_word' id='word_1_356' title='bbox 430 2652 564 2685; x_wconf 89' lang='lat' dir='ltr'><strong><em>nemine</em></strong></span> <span class='ocrx_word' id='word_1_357' title='bbox 595 2653 768 2696; x_wconf 77' lang='lat' dir='ltr'><strong><em>pervenit.</em></strong></span> <span class='ocrx_word' id='word_1_358' title='bbox 814 2652 927 2686; x_wconf 87' lang='lat' dir='ltr'><strong><em>Nabis</em></strong></span> <span class='ocrx_word' id='word_1_359' title='bbox 961 2652 1072 2693; x_wconf 85' lang='lat' dir='ltr'><strong><em>enim,</em></strong></span> <span class='ocrx_word' id='word_1_360' title='bbox 1105 2656 1142 2684; x_wconf 85' lang='lat' dir='ltr'><strong><em>et</em></strong></span> <span class='ocrx_word' id='word_1_361' title='bbox 1170 2651 1341 2685; x_wconf 74' lang='lat' dir='ltr'><strong><em>Romanos</em></strong></span> <span class='ocrx_word' id='word_1_362' title='bbox 1374 2655 1527 2685; x_wconf 80' lang='lat' dir='ltr'><strong><em>metuens</em></strong></span> <span class='ocrx_word' id='word_1_363' title='bbox 1556 2655 1592 2685; x_wconf 85' lang='lat' dir='ltr'><strong><em>et</em></strong></span> <span class='ocrx_word' id='word_1_364' title='bbox 1614 2651 1750 2685; x_wconf 77' lang='lat' dir='ltr'><strong><em>civibus</em></strong></span> 
     </span>
     <span class='ocr_line' id='line_1_41' title="bbox 295 2695 1749 2740; baseline 0.001 -12"><span class='ocrx_word' id='word_1_365' title='bbox 295 2695 458 2730; x_wconf 82' lang='lat' dir='ltr'><strong><em>diffidens</em></strong></span> <span class='ocrx_word' id='word_1_366' title='bbox 472 2723 481 2739; x_wconf 94' lang='lat'><strong><em>‚</em></strong></span> <span class='ocrx_word' id='word_1_367' title='bbox 518 2709 557 2730; x_wconf 88' lang='lat' dir='ltr'><strong><em>se</em></strong></span> <span class='ocrx_word' id='word_1_368' title='bbox 581 2698 656 2731; x_wconf 92' lang='lat' dir='ltr'><strong><em>loco</em></strong></span> <span class='ocrx_word' id='word_1_369' title='bbox 687 2709 753 2731; x_wconf 89' lang='lat' dir='ltr'><strong><em>non</em></strong></span> <span class='ocrx_word' id='word_1_370' title='bbox 783 2702 941 2732; x_wconf 84' lang='lat' dir='ltr'><strong><em>moverat</em></strong></span> <span class='ocrx_word' id='word_1_371' title='bbox 961 2702 1001 2731; x_wconf 85' lang='lat' dir='ltr'><strong><em>ut</em></strong></span> <span class='ocrx_word' id='word_1_372' title='bbox 1022 2697 1070 2731; x_wconf 88' lang='lat' dir='ltr'><strong><em>illi</em></strong></span> <span class='ocrx_word' id='word_1_373' title='bbox 1093 2702 1225 2731; x_wconf 80' lang='lat' dir='ltr'><strong><em>mature</em></strong></span> <span class='ocrx_word' id='word_1_374' title='bbox 1249 2701 1466 2740; x_wconf 80' lang='lat' dir='ltr'><strong><em>occurreret,</em></strong></span> <span class='ocrx_word' id='word_1_375' title='bbox 1499 2697 1562 2731; x_wconf 84' lang='lat' dir='ltr'><strong><em>sed</em></strong></span> <span class='ocrx_word' id='word_1_376' title='bbox 1585 2707 1660 2731; x_wconf 89' lang='lat' dir='ltr'><strong><em>cum</em></strong></span> <span class='ocrx_word' id='word_1_377' title='bbox 1683 2696 1749 2730; x_wconf 86' lang='lat' dir='ltr'><strong><em>iam</em></strong></span> 
     </span>
     <span class='ocr_line' id='line_1_42' title="bbox 296 2742 1748 2789; baseline 0.001 -15"><span class='ocrx_word' id='word_1_378' title='bbox 296 2753 379 2785; x_wconf 87' lang='lat' dir='ltr'><strong><em>prae</em></strong></span> <span class='ocrx_word' id='word_1_379' title='bbox 413 2743 545 2776; x_wconf 81' lang='lat' dir='ltr'><strong><em>foribus</em></strong></span> <span class='ocrx_word' id='word_1_380' title='bbox 578 2744 716 2778; x_wconf 80' lang='lat' dir='ltr'><strong><em>adesset</em></strong></span> <span class='ocrx_word' id='word_1_381' title='bbox 747 2744 960 2789; x_wconf 86' lang='lat' dir='ltr'><strong><em>eruptionem</em></strong></span> <span class='ocrx_word' id='word_1_382' title='bbox 990 2742 1093 2786; x_wconf 85' lang='lat' dir='ltr'><strong><em>fecit,</em></strong></span> <span class='ocrx_word' id='word_1_383' title='bbox 1119 2754 1159 2776; x_wconf 85' lang='lat' dir='ltr'><strong><em>eo</em></strong></span> <span class='ocrx_word' id='word_1_384' title='bbox 1184 2749 1255 2777; x_wconf 90' lang='lat' dir='ltr'><strong><em>tum</em></strong></span> <span class='ocrx_word' id='word_1_385' title='bbox 1279 2744 1323 2777; x_wconf 89' lang='lat' dir='ltr'><strong><em>ob</em></strong></span> <span class='ocrx_word' id='word_1_386' title='bbox 1345 2744 1499 2777; x_wconf 85' lang='lat' dir='ltr'><strong><em>laborem</em></strong></span> <span class='ocrx_word' id='word_1_387' title='bbox 1520 2742 1654 2777; x_wconf 80' lang='lat' dir='ltr'><strong><em>itineris</em></strong></span> <span class='ocrx_word' id='word_1_388' title='bbox 1678 2746 1748 2776; x_wconf 86' lang='lat' dir='ltr'><strong><em>tum</em></strong></span> 
     </span>
     <span class='ocr_line' id='line_1_43' title="bbox 294 2787 1747 2834; baseline 0.002 -14"><span class='ocrx_word' id='word_1_389' title='bbox 294 2791 438 2832; x_wconf 84' lang='lat' dir='ltr'><strong><em>propter</em></strong></span> <span class='ocrx_word' id='word_1_390' title='bbox 461 2789 771 2824; x_wconf 81' lang='lat' dir='ltr'><strong><em>castrametationis</em></strong></span> <span class='ocrx_word' id='word_1_391' title='bbox 796 2789 1052 2834; x_wconf 84' lang='lat' dir='ltr'><strong><em>occupationem</em></strong></span> <span class='ocrx_word' id='word_1_392' title='bbox 1077 2793 1286 2833; x_wconf 80' lang='lat' dir='ltr'><strong><em>contempto,</em></strong></span> <span class='ocrx_word' id='word_1_393' title='bbox 1312 2800 1353 2823; x_wconf 90' lang='lat' dir='ltr'><strong><em>ac</em></strong></span> <span class='ocrx_word' id='word_1_394' title='bbox 1376 2787 1554 2823; x_wconf 76' lang='lat' dir='ltr'><strong><em>nonnullos</em></strong></span> <span class='ocrx_word' id='word_1_395' title='bbox 1579 2787 1747 2823; x_wconf 81' lang='lat' dir='ltr'><strong><em>turbavit.</em></strong></span> 
     </span>
    </p>
   </div>
  </div>
 </body>
</html>
