1786 3120
195 126 299 172 ‚634
836 125 1042 168 NOTAE.

252 250 256 252 ·
308 249 346 286 Ρ.
378 233 433 275 64
463 246 498 274 v.
529 234 596 274 11.
657 231 727 280 εῖς-
742 235 860 274 τοῦτο
907 231 992 275 vno*
1019 235 1099 273 τῶν
1133 229 1390 286 εὐπατριδῶν
1425 229 1616 286 προήχθη
1651 231 1677 274 o‘

197 289 350 345 ὅμιλος]
376 294 556 341 suspecta
584 289 709 327 lectio.
754 290 817 329 W.
851 310 909 319 —-·
942 291 1054 328 immo
1084 291 1247 341 genuina
1273 293 1369 328 sunt
1387 289 1523 329 Dionis
1549 289 1676 328 verba.

91 351 174 388 1³17
312 361 349 397 p.
375 346 428 387 65
459 359 495 384 v.
528 347 567 386 2.
628 341 708 385 οἷοι
745 349 824 386 νῦν
862 346 1004 387 πολλοὶ
1039 345 1131 398 περι
1172 343 1220 386 τοὶ
1257 345 1451 398 βασίλεια]
1496 345 1675 384 nobilium

195 404 449 455 palatinorum
479 415 568 440 suae
608 402 744 440 aetatis
779 416 907 441 mores
944 403 1004 440 hic
1042 404 1164 454 carpit
1183 404 1388 451 Zonaras,
1416 403 1486 454 qui
1521 401 1676 454 capillos
1750 410 1756 417 “

195 459 413 498 nutriebant
446 463 485 497 et
518 459 719 496 cincinnati
756 459 886 498 haberi
922 460 1124 511 volebant,
1164 472 1245 500 cum
1283 460 1423 498 caeteri
1463 472 1484 498 e
1511 459 1676 498 Graecis

201 515 362 567 capillos
391 516 582 554 raderent.
623 514 725 554 Duc.
1381 543 1385 547 .

308 585 348 623 Ρ.
377 573 432 612 67
461 585 495 610 v·
524 573 588 612 16
644 566 830 612 Λούκιόν
858 587 948 612 τινα
980 571 1141 624 Σίκιον]
1181 566 1266 610 hinc
1296 572 1556 611 emendandus
1584 570 1676 611 Am-

196 629 342 666 mianus
372 624 612 666 Marcellinus
642 627 707 668 lib.
739 628 808 678 25,
839 629 903 679 qui
932 628 1131 666 Sicinium
1159 633 1291 667 vocat:
1335 629 1534 668 Sicanium
1559 628 1675 667 Den-

198 691 326 721 tatum
348 685 535 730 adiiciat,
559 698 603 721 or
604 693 745 722 natum
766 684 1002 722 militarium
1025 684 1283 722 multitudine
1302 698 1553 723 coronarum.
1583 685 1675 724 Sic-

198 742 305 778 cium
331 742 445 780 etiam
473 745 586 779 vocat
615 740 823 792 Dionysius
851 742 1175 781 Halicarnasseus,
1226 741 1326 780 Duc.

310 811 349 848 p.
380 798 437 838 70
462 799 566 838 v.·9.
622 800 679 852 τῷ
716 794 751 838 δ’
789 797 881 851 ἑξῆς
921 797 1008 849 ἔτει]
1049 798 1401 849 epitomatoris-hic
1436 799 1691 837 oscitantiam*

196 857 288 891 nota
317 854 504 893 Zonarae.
539 855 685 892 dixerat
711 855 885 906 equidem
911 855 984 894 ista
1011 854 1109 905 Dio,
1150 855 1219 893 sed
1257 868 1353 907 quos
1381 855 1465 906 ipse
1493 856 1680 907 praeterit

198 911 295 947 duos
323 923 459 960 annos,
488 910 550 949 ille
578 911 799 962 scripserat.
839 911 1088 950 FALcons.
1568 958 1570 960 Ι

341 966 437 1007 .74
460 980 496 1005 v.
529 965 568 1006 4.
627 963 803 1020 μεγάλην
831 964 966 1018 πόλιν]
994 980 1092 1018 quae
1120 967 1237 1007 Bolae
1261 966 1371 1005 Livio
1400 967 1428 1009 4
1457 963 1525 1009 49.
1610 982 1615 987 ·

311 1035 350 1072 p.
379 1025 435 1063 76
462 1036 498 1061 v.
530 1026 594 1064 19.
649 1022 701 1063 Ἡ
723 1022 766 1064 δὲ
784 1027 865 1064 τῶν
894 1024 1103 1064 ἐπινικίων
1135 1019 1295 1076 πομπή]
1318 1024 1365 1062 cf.
1381 1038 1420 1075 Ρ.
1443 1025 1580 1065 618ν.
1608 1027 1675 1066 19

311 1092 351 1129 p.
379 1081 433 1120 76
464 1093 498 1118 v.
529 1082 595 1121 22.
654 1077 940 1132 δρομοκήρυξι]
966 1080 1205 1126 tabellanis,
1234 1093 1309 1131 qua
1330 1093 1423 1118 voce
1442 1094 1586 1119 rursum
1603 1083 1677 1121 uti-

199 1139 260 1172 tur
286 1134 385 1172 infra
413 1136 478 1174 lib.
509 1136 534 1174 9
566 1140 660 1175 sect.
685 1138 710 1177 8
743 1138 793 1188 [p.
824 1139 903 1179 222
925 1151 961 1175 v.
985 1137 1039 1188 7].
1065 1139 1149 1176 vide
1178 1137 1386 1175 Henricum
1410 1137 1600 1175 Valesium
1627 1139 1676 1175 ad

197 1190 491 1241 Harpocration.
517 1195 610 1234 272.
658 1193 760 1231 Duc.
819 1190 1119 1245 δρομοκήρυκες
1170 1193 1211 1232 οἱ
1256 1188 1539 1246 ἀγγελιαφόροι
1567 1192 1675 1244 παρά

198 1247 332 1287 Δίωνι
374 1249 524 1286 Suidas.
561 1262 607 1286 eo
644 1250 766 1288 minus
804 1248 960 1288 dubium
998 1253 1078 1300 est,
1114 1248 1272 1286 Dioneis
1302 1247 1427 1286 verbis
1451 1249 1678 1321 triumphum

199 1304 376 1343 describi.

313 1374 352 1411 Ρ.
384 1362 439 1401 78
467 1374 502 1398 v.
533 1363 573 1401 7.
641 1363 788 1410 παῖδας
825 1358 855 1413 ἦ
894 1361 1110 1415 συγγενεῖς]
1157 1361 1254 1399 Vide
1290 1360 1451 1400 Hem-ic.
1486 1362 1676 1401 Valesium

200 1416 249 1454 ad
278 1416 428 1456 Nicolai
456 1417 683 1456 Damasceni
711 1419 900 1469 Excerpta
927 1432 1014 1469 pag.
1045 1421 1112 1459 71.
1142 1417 1244 1456 Duc.

314 1487 353 1524 Ρ.
377 1475 432 1514 78
461 1487 498 1511 v·
530 1476 594 1514 16.
654 1474 722 1514 καὶ
758 1472 919 1526 κώδων]
958 1476 1052 1513 Vide
1080 1475 1284 1512 Henricum
1300 1474 1493 1513 Valesium
1514 1475 1564 1512 ad
1578 1474 1680 1513 Har-

200 1530 471 1580 pocrationem.
531 1530 631 1568 Duc.

314 1600 352 1637 Ρ.
380 1588 434 1628 98
464 1600 498 1624 v.
527 1588 565 1626 6.
623 1586 826 1639 Τιβέριος]
855 1588 904 1626 Τ.
931 1587 1122 1626 Veturius.

314 1656 352 1692 Ρ.
382 1643 465 1683 103
493 1656 529 1681 v.
558 1639 622 1683 14.
681 1642 857 1696 πόλισμα
889 1646 991 1695 quod
1020 1645 1080 1683 hic
1108 1645 1236 1683 scribit
1265 1646 1454 1694 Zonaras,
1480 1643 1681 1696 Aquilonia

203 1698 337 1735 dicitur
364 1698 489 1738 Livio.
547 1699 794 1739 FALcomns.

315 1768 354 1806 p.
390 1756 470 1796 105
508 1769 542 1794 v.
585 1759 634 1798 11
668 1757 742 1807 sq.]
808 1756 944 1796 Dionis
973 1758 1089 1795 verba
1121 1760 1312 1811 supplevit
1338 1758 1585 1809 Niebuhrius‚
1615 1757 1679 1796 Kl.

204 1811 339 1849 histor.
365 1813 442 1849 und
469 1813 598 1863 philol.
623 1814 818 1853 Schriften
845 1814 883 1852 II
906 1827 946 1864 Ρ.
978 1815 1072 1855 251.

316 1869 471 1964 D·U106
501 1882 536 1907 v.
568 1872 635 1911 12.
690 1871 922 1923 κηλιδῶσαι]
955 1871 1040 1909 vide
1073 1871 1200 1910 Gloss.
1234 1873 1335 1911 med.
1372 1870 1462 1910 Lat.
1495 1871 1532 1908 in
1563 1869 1680 1907 Ceni-

203 1931 279 1961 tus.
389 1939 409 1962 c

316 1995 354 2032 p.
387 1982 468 2022 113
499 1997 533 2021 v.
568 1986 635 2025 21.
694 1980 919 2036 κατηλόων]
961 1985 1014 2022 ita
1053 1985 1165 2035 Regii
1202 1988 1382 2035 quattuor
1422 1983 1472 2034 [2]
1513 1987 1551 2021 et
1586 1982 1679 2020 Col-

204 2037 370 2079 berteus.
400 2039 494 2077 alius
525 2041 628 2091 apud
659 2040 834 2078 Wolfium
860 2036 1140 2091 και-ηλώφουν.
1161 2042 1245 2079 vide
1263 2041 1469 2079 Henricum
1489 2039 1680 2078 Valesium

203 2095 252 2132 ad
281 2095 623 2145 Harpocrationem
650 2110 740 2148 pag.
770 2099 867 2146 232,
895 2097 959 2135 ubi
989 2099 1036 2135 de
1065 2099 1136 2135 hac
1165 2110 1268 2138 voce.
1316 2096 1418 2135 Duc.

316 2164 354 2201 p-
384 2151 465 2192 114
494 2166 528 2191 v.
559 2151 598 2194 4.
656 2150 776 2196 πόλιν
811 2150 914 2205 τιιιοῖ]
954 2154 1166 2193 Venusiam.
1214 2153 1411 2192 Niebuhrii
1449 2153 1551 2191 Hist.
1572 2155 1678 2190 Rom.

203 2206 255 2245 T.
286 2207 313 2247 3
342 2221 380 2257 p.
407 2209 501 2251 558.

317 2277 355 2313 p-
387 2266 483 2309 123.-
498 2280 531 2304 v.
563 2267 602 2305 2.
657 2264 854 2317 Κρανιτοῖ]
885 2268 1122 2305 Cornetanos
1148 2272 1295 2306 montes
1324 2266 1566 2305 velCorneos
1597 2266 1679 2303 sinc

205 2323 362 2359 auctore
397 2335 473 2360 non
505 2335 620 2360 ausus
661 2324 712 2360 fui
753 2325 892 2362 dicere.
947 2324 1005 2361 W.
1040 2347 1098 2352 —
1147 2324 1218 2361 hos
1258 2337 1344 2361 esse
1372 2326 1522 2360 montes
1559 2335 1679 2373 prope

206 2376 326 2413 Tibur
351 2382 462 2428 putat
478 2380 661 2429 Ortelius‚
691 2394 787 2430 quos
808 2381 1011 2430 Dionysius
1030 2381 1339 2419 Halicarnasseus
1357 2379 1420 2421 lib.
1442 2380 1464 2418 1
1486 2378 1680 2415 corniclos

205 2447 272 2471 seu
303 2436 524 2473 corniealos
551 2440 681 2482 vocat3
721 2438 769 2475 de
805 2438 940 2486 quibus
978 2441 1037 2474 sat
1061 2437 1176 2474 multa
1210 2437 1324 2474 habet
1351 2436 1549 2474 Cluverius
1574 2435 1626 2474 lib
1652 2439 1678 2476 2

204 2491 335 2528 ltaliae
360 2493 538 2542 antiquae
566 2508 605 2544 p.
638 2495 735 2542 661,
769 2494 832 2544 qui
871 2495 918 2530 de
955 2494 1129 2531 Cranitis
1159 2494 1333 2530 Zonarae
1363 2492 1477 2530 siluit.
1528 2492 1630 2531 Duo.

320 2562 359 2597 Ρ.
391 2550 469 2589 125
499 2563 534 2586 v.
565 2553 604 2591 2.
673 2547 771 2597 δούς
787 2546 1078 2604 αὕτῷ[αυ’τοῖς]
1111 2550 1257 2600 δίφρου
1291 2549 1379 2598 etc.]
1410 2550 1484 2586 huc
1502 2552 1679 2600 spectant

207 2604 280 2640 ista
310 2604 517 2643 Marcellini
544 2606 608 2643 lib.
643 2607 696 2647 23
724 2610 817 2644 extr.
849 2620 945 2643 nam
974 2607 1084 2658 quod
1110 2605 1358 2656 supersedere
1377 2605 1474 2642 solio
1498 2606 1682 2643 damnati

207 2659 255 2697 ob
285 2661 535 2710 iniquitatem
564 2663 708 2700 iudicis
735 2662 843 2700 alius
873 2663 1104 2714 cogebatur,
1134 2669 1206 2700 aut
1218 2662 1348 2709 finxit
1370 2669 1566 2713 vetustas,
1606 2669 1679 2699 aut

208 2715 304 2754 olim
333 2719 573 2756 consuetudo
598 2721 775 2757 cessavit.
833 2719 934 2758 Duc.

320 2787 358 2823 p.
389 2777 469 2814 127
496 2789 528 2813 v.
560 2777 598 2816 8.
656 2774 847 2831 ὁμολογίᾳ
861 2772 1370 2830 προσεδήσαντο,ραοίίοηε
1389 2774 1681 2812 obstrinxerunt
