1820 3120
284 131 387 179 468
782 128 1012 173 IOANNIS
1041 127 1304 173 ZONARAE

231 254 263 290 C
287 245 337 290 τὰ
359 241 582 299 τιμιώτατα
605 246 685 286 τῶν
707 245 780 285 τοῦ
803 243 1014 285 Κλαυδίου
1037 243 1252 298 κειμηλίων
1275 239 1579 300 συμφορῆαασα
1603 242 1659 294 εἲς
1680 241 1758 286 αὖ·

283 311 379 368 τήν·
415 314 482 354 καὶ
506 312 619 362 τέλος
639 310 795 354 ὕπατον
819 311 942 353 αὐτὸν
965 311 1157 368 ἀπέφηνε.
1224 315 1355 354 ταῦτα
1388 311 1492 365 δῆλα
1514 316 1599 361 τοῖς
1619 309 1759 360 ἄλλοις

284 380 382 424 ὄντα
404 380 474 423 τὸν
497 377 706 422 Κλαύδιον
729 377 964 422 ἐλάνθανεν.
1034 380 1310 434 ἀποδημοῦντι
1345 378 1392 422 δέ
1420 395 1514 422 ποτε
1540 378 1659 438 ufir&
1689 381 1759 422 καὶ

282 449 508 504 μονωθέντι
529 447 550 491 ὅ
568 446 804 504 Νάρκισσος
826 446 970 503 μηνύει
992 447 1124 491 πάντα
1148 447 1217 490 διὰ
1238 453 1319 491 τῶν
1335 449 1552 490 παλλακῶν
1573 446 1626 490 τὰ
1646 444 1758 503 γινό-

80 529 127 565 W
142 528 179 565 11
193 527 261 567 185
283 535 399 573 μενα.
435 516 534 560 ὅθεν
557 519 612 568 εἷς
634 517 708 571 τὴν
725 514 884 571 Ῥώμην
906 518 1134 572 ἐπανῆλθε,
1163 518 1231 559 καὶ
1257 515 1407 567 ἄλλους
1428 532 1471 559 τε
1492 513 1668 566 πολλοὺς
1689 516 1788 558 καὶὸ

282 587 353 630 τὸν
375 585 577 641 ὀρχηστὴν
599 585 668 628 τὸν
691 587 927 641 Μνηστῆρα
950 584 1154 642 ἐφόνευσε,
1179 586 1247 628 καὶ
1269 583 1371 640 μετὰ
1396 588 1521 628 τοῦτο
1541 582 1758 638 καὶάὗτὴν

281 655 356 711 τὴν
378 655 645 697 Μεσσαλίναν
667 653 911 710 ἀπέσφαξεν.
1602 687 1608 695 ,.

417 724 592 776 Ἐκείνης
615 724 640 764 δ
647 721 658 737 ’
684 721 790 764 οὕτω
815 722 1116 779 διαφθαρείσης
1145 721 1221 776 τὴν
1247 720 1505 778 Ἀγριππίναν
1533 717 1608 775 τὴν
1637 717 1758 766 ἀδελ-

284 793 409 849 φιὸῆν
446 790 564 846 ἴγημε
601 792 760 847 σπουδῇ
794 795 875 833 τῶν
910 790 1221 845 ἀπελευθέρων,
1272 788 1335 832 ὅτι
1374 788 1445 833 τὸν
1462 787 1678 842 ,Δομίτιον
1716 787 1759 837 ἐς

282 858 517 916 προσήβους
538 858 617 914 ἤδη
641 863 834 901 τελοῦντα
861 853 963 913 εἶχεν
987 857 1088 910 υἱόν,
1119 857 1228 909 ὅπως
1261 857 1431 915 ἔφεδρον
1463 855 1588 899 αὐτὸν
1620 855 1813 912 lui-1510

282 927 390 985 ἀρχῇ
423 927 637 984 τρέφοντες
671 928 797 981 μηδὲν
818 925 897 969 ὕπὸ
922 931 994 969 τοῦ
1018 929 1291 983 Βρεττανικοῦ
1314 925 1444 969 δεινὸν
1466 923 1671 976 πάθωσιν,
1702 921 1759 974 ὥς

281 996 356 1050 τὴν
379 999 503 1037 αὐτοῦ
527 995 683 1051 μητέρα
707 995 779 1050 τὴν
806 997 1071 1038 Μεσσαλῖναν
1097 995 1363 1052 ἀναιρεθῆναι
1393 992 1642 1049 ποιήσαντες.
1689 993 1757 1034 δε-

229 1071 262 1106 1>
286 1064 481 1120 δογμένου
521 1065 564 1106 δὲ
602 1063 680 1118 ἤδη
717 1068 789 1106 τοῦ
824 1062 981 1119 γάμου,
1026 1065 1226 1114 δείσαντες
1261 1063 1332 1106 τὸν
1363 1062 1538 1105 Σιλανὸν
1569 1059 1648 1104 ὕπὸ
1683 1064 1757 1103 τοῦ

281 1134 493 1176 Κλαυδίου
517 1131 742 1186 τιμώμενον
766 1130 820 1182 ὥς
843 1132 974 1187 ἄνδρα
1004 1130 1178 1187 ἀγαθόν,
1214 1130 1302 1186 ἅμα
1334 1132 1378 1174 δὲ
1409 1133 1477 1174 καὶ
1508 1129 1582 1186 τὴν
1607 1128 1757 1172 Ὀκτα-

279 1202 376 1255 βίαν
409 1201 481 1255 τὴν
514 1201 724 1257 θυγατέρα
759 1201 885 1243 αὐτοῦ
916 1205 972 1259 τῷ
1007 1205 1080 1255 τῆς
1107 1201 1362 1257 Ἀγριππίνης
1390 1199 1466 1259 υἱῷ
1489 1203 1546 1257 τῷ
1569 1196 1753 1256 Δομιτίῳ
1765 1207 1810 1244 15

278 1268 583 1326 προμνώμενοι,
612 1270 897 1325 ἐγγεγυημένην
926 1273 984 1327 τῷ
1015 1272 1200 1327 Σιλανῷ,
1233 1269 1422 1311 πείθουσι
1450 1267 1522 1311 τὸν
1545 1265 1756 1309 Κλαύδιον

280 1336 336 1389 ὥς
358 1335 670 1391 ἐπιβουλεύοντά
696 1338 733 1379 οἳ
757 1337 826 1379 τὸν
849 1337 1022 1379 Σιλανὸν
1045 1338 1287 1380 ἀποκτεῖναι.
1355 1335 1576 1393 γενομένου,
1591 1335 1636 1378 δὲ
1657 1331 1754 1378 τοῦ-

277 1423 351 1449 του
375 1405 519 1461 λόγους
541 1407 582 1448 ἐν
605 1410 655 1462 τῇ
676 1410 807 1462 βουλῇ
830 1403 850 1448 ὃ
881 1406 1109 1456 Οὐιτέλλιος
1131 1404 1347 1460 ἐποιήσατο
1377 1403 1439 1448 ὅτι
1469 1403 1668 1461 συμφέρει
1695 1406 1754 1461 τῷ

278 1479 400 1531 κοινῷ
422 1478 548 1529 γῆμαι
571 1474 641 1517 τὸν
665 1473 886 1516 Κλαύδιον.
956 1476 1023 1516 καὶ
1057 1474 1130 1529 τὴν
1158 1475 1414 1531 Ἀγριππίναν
1447 1470 1674 1527 ἐπιτήδειαν
1697 1474 1755 1522 εἷς

277 1547 398 1585 τοῦτο
437 1542 660 1599 ἀπέφαινε,
712 1544 778 1584 καὶ
813 1541 1046 1595 βιάσασθαι
1082 1543 1220 1599 σφίσιν
1256 1541 1380 1584 αὐτὸν
1415 1541 1478 1584 ἐπὶ
1513 1540 1583 1584 τὸν
1620 1538 1820 1596 γ’άμον20

278 1608 574 1665 συνεβούλευεν.
609 1612 796 1654 ἐντεῦθεν
819 1609 1066 1668 ὁρμηθέντες
1089 1610 1127 1652 οἳ
1147 1612 1365 1670 βουλευταὶ
1387 1609 1492 1674 πρὸς
1512 1609 1582 1652 τὸν
1607 1606 1753 1652 ,Κλαύ-

371 1784 391 1819 1
425 1779 462 1824 ἒς
492 1785 536 1819 C.
675 1785 699 1820 3
726 1780 1010 1830 οἷποδημήσοιντι
1043 1781 1087 1819 δέ
1120 1795 1196 1819 που
1225 1781 1330 1828 αὐτῷ
1358 1784 1402 1820 A.
1551 1784 1576 1822 5
1609 1779 1648 1825 ἒς
1679 1784 1751 1821 BC.

362 1826 522 1875 Ῥώμην]
548 1825 625 1874 ῤ’ώμ
652 1842 673 1864 ν
695 1842 733 1864 τε
757 1830 831 1864 ΑΒ.
941 1830 963 1865 6
987 1826 1052 1864 τὸν
1077 1830 1224 1865 alterum
1248 1831 1318 1866 add
1341 1833 1383 1867 A.
1474 1829 1498 1865 8
1517 1826 1684 1875 Ἐκείνης
1704 1850 1751 1856 -

366 1887 404 1922 p.
431 1876 501 1911 469
525 1888 560 1910 v.
585 1875 608 1909 3
652 1873 860 1920 κεκώλυτο]
894 1876 1016 1930 hogum
1037 1876 1188 1922 plurima
1211 1877 1453 1912 desiderantur
1475 1877 1568 1934 apud
1590 1876 1752 1911 Dionem.

368 1922 418 2002 ἐξ
440 1917 502 1955 ἐπὶ
524 1921 662 2014 ἓάδλᾼ.
741 1967 771 2002 Β
813 1922 857 1957 16
879 1917 1155 1968 ἐνηγγυημένην
1177 1922 1217 1958 Β.
1372 1922 1417 1958 18
1447 1921 1638 1964 Ουϊτέλιος
1659 1923 1749 1957 PW.

436 1978 520 2002 συνε
548 1979 594 2002 ου
615 1978 720 2003 ευσεν
775 1991 785 2002 .

277 2127 419 2162 claudii
440 2130 644 2161 ornamenta
666 2131 910 2172 congesserat:
933 2127 1076 2162 tandem
1099 2128 1204 2163 etiam
1226 2128 1399 2163 consulem
1421 2126 1516 2162 illum
1539 2126 1752 2171 designavit.

278 2185 369 2219 quae
401 2184 476 2207 cum
508 2178 592 2207 nota
616 2178 735 2207 essent
760 2174 932 2218 caet—eris,
967 2174 1150 2208 Claudium
1173 2175 1343 2211 latebant.
1389 2174 1452 2208 sed
1474 2173 1661 2208 Narcissus
1685 2172 1751 2207 ali-

277 2219 417 2264 quando
451 2220 598 2264 peregre
628 2220 766 2252 absenti
798 2221 841 2253 ab
867 2231 977 2265 eaque
999 2226 1133 2254 remoto
1159 2232 1222 2265 per
1245 2220 1454 2266 concubinas
1476 2219 1590 2253 omnia
1612 2218 1750 2264 signifi-

278 2265 388 2299 cavit.
435 2265 555 2310 itaque
579 2264 721 2298 Romam
745 2277 908 2299 reversus
933 2271 970 2300 et
993 2266 1080 2300 alios
1104 2266 1229 2301 multos
1254 2272 1292 2301 et
1312 2266 1524 2301 Mnesterem
1547 2265 1751 2300 saltatorem

276 2310 472 2355 interfecit,
498 2322 539 2345 ac
563 2310 689 2345 deinde
712 2311 820 2356 ipsam
843 2322 981 2357 quoque
1002 2312 1236 2346 Messalinam.

416 2379 498 2420 Qua
531 2378 583 2412 sic
614 2379 800 2414 interfecta
823 2379 1049 2425 Agrippinam
1083 2379 1212 2414 fratris.
1236 2379 1341 2414 filiam
1366 2379 1573 2414 libertorum
1600 2377 1750 2425 impulsu

277 2422 391 2468 duxit,
416 2425 511 2469 quod
533 2425 640 2459 filium
664 2426 856 2464 Domitium
879 2426 946 2459 iam
974 2437 1085 2471 paene
1109 2426 1272 2471 puberem
1299 2425 1455 2470 haberet,
1480 2436 1582 2471 quem
1597 2425 1634 2459 in
1652 2435 1749 2469 spem

278 2470 379 2513 regni
409 2471 561 2514 alerent,
598 2482 642 2505 ne
675 2472 879 2506 Britannico
912 2483 1032 2506 necem
1064 2472 1182 2505 matris
1213 2471 1367 2517 ipsorum
1400 2483 1512 2516 opera
1543 2471 1749 2506 interfectae

277 2515 395 2549 ulturo
420 2527 550 2561 poenas
574 2517 711 2552 darent.
761 2518 904 2552 decreto
924 2518 994 2552 iam
1017 2517 1200 2562 coniugio,
1233 2517 1390 2551 Silanum
1423 2517 1606 2561 timentes,
1641 2516 1702 2570 qui
1725 2527 1748 2551 a.

279 2560 428 2594 claudio
456 2568 493 2597 ut
517 2562 573 2596 vir
596 2564 705 2597 bonus
730 2563 992 2607 honorabatur,
1016 2575 1079 2597 nec
1103 2575 1171 2597 non
1193 2563 1377 2597 Octaviam
1400 2563 1504 2598 filiam
1528 2563 1606 2597 eius
1627 2561 1747 2596 Sllano

276 2605 482 2650 desponsam
506 2608 723 2654 Agrippinae
747 2609 819 2644 filio
843 2609 999 2643 Domitio
1022 2609 1087 2644 iam
1118 2613 1200 2643 ante
1222 2609 1459 2652 destinantes,
1493 2608 1639 2643 Claudio
1666 2619 1748 2654 per-

275 2653 425 2686 suadent
449 2659 487 2688 ut
510 2654 664 2689 Silanum
686 2667 750 2701 pro
777 2655 983 2690 insidiatore
1006 2655 1154 2690 occidat.
1203 2666 1271 2700 quo
1303 2657 1398 2690 facto
1430 2654 1591 2689 Vitellius
1621 2654 1659 2688 in
1688 2665 1748 2689 se·
1818 2687 1820 2689 ,

274 2701 362 2731 natu
386 2700 570 2743 proposuit
597 2712 673 2735 esse
696 2713 716 2735 e
740 2713 779 2735 re
803 2702 940 2747 publica
964 2706 1002 2735 ut
1029 2700 1195 2736 Claudius
1220 2712 1363 2735 uxorem
1386 2701 1504 2745 ducat,
1528 2705 1565 2735 et
1579 2699 1746 2745 Agrippi-

274 2753 353 2796 nam
375 2743 406 2776 ei
431 2745 507 2778 fore
528 2745 685 2781 idoneam
711 2748 971 2793 pronuntiavit,
998 2751 1104 2791 utque
1122 2747 1165 2781 ad
1182 2758 1240 2780 eas
1257 2747 1393 2792 nuptias
1408 2747 1606 2792 adigeretur
1621 2750 1746 2781 auctor

274 2788 356 2825 fmt.
401 2789 453 2824 ita
484 2797 665 2828 senatores
698 2805 849 2840 propere
880 2794 925 2829 ad
949 2793 1132 2829 Claudium
1164 2793 1347 2839 abierunt,
1381 2802 1529 2841 eumque
1554 2794 1743 2839 coegerunt
1815 2820 1819 2827 ,
