1820 3120
283 120 387 168 480
763 119 993 164 IOAN'NIS
1026 119 1288 164 ZONARAE

283 236 329 278 δὲ
351 235 425 284 τὰς
445 237 519 288 τῆς
542 230 766 289 αὗταρχίας
787 231 1012 288 ἐπικλήσεις
1034 237 1279 289 προσλαβεῖν
1300 230 1404 276 τότε.
1454 237 1544 289 ’τῆς
1576 233 1618 277 δ’
1652 233 1756 277 ἀπο·
1817 214 1820 268 l

283 304 452 352 στασιάς
482 301 821 357 παρατεινομένης
853 300 874 344 ὅ
913 302 1078 352 Οὐίνδιξ
1109 300 1253 344 ἑαυτὸν
1284 302 1515 359 ἀπέσφαξε,
1547 306 1628 347 τῶν
1659 302 1753 357 μετ’

281 371 407 413 αὐτοῦ
443 373 703 426 στρατιωτῶν
739 369 1080 413 κινδυνευσάντων
1115 368 1420 426 υπεραλγήσας,
1468 370 1536 413 καὶ
1569 371 1673 428 πρὸς
1706 371 1753 414 τὸ

282 437 492 492 δαιμόνιον
514 437 798 494 ἀγανακτήσας
820 437 882 480 ὅτι
907 437 1091 481 τοιούτου
1117 438 1356 494 πράγματος
1386 438 1639 495 ὀριγνηθείς,
1681 442 1756 481 τοῦ

279 506 350 550 τὸν
373 507 546 562 Νέρωνα
578 510 767 548 καθελεῖν
798 508 866 548 καὶ
898 507 993 557 τούς
1020 505 1246 560 Ῥωμαίους
1268 509 1562 563 ἐλευθερῶσαι,
1596 503 1670 549 οὐκ
1691 509 1790 558 ἐξ-5

281 576 457 617 ετέλεσεν
491 573 605 617 αὐτό.
674 573 852 631 τοσαύτῃ
887 575 966 632 γὰρ
1003 577 1217 635 προθυμία
1252 575 1354 633 πρὸς
1388 579 1508 618 τοῦτο
1545 572 1758 632 ἐχρήσατο,

280 642 385 686 ὥστε
411 647 483 686 τοῦ
504 643 694 699 Νέρωνος
726 645 936 694 διακοσίας
967 645 1034 685 καὶ
1067 643 1310 698 πεντήκοντα
1340 641 1546 700 μυριάδας
1569 642 1760 705 ἐπικηρύ-

282 714 425 762 ξαντος
458 716 515 768 τῷ
548 712 621 765 τὴν
650 712 831 768 κεφαλὴν
864 712 974 754 αὐτῶ
1005 714 1211 766 κομίσοντι
1240 717 1313 755 τοῦ
1342 712 1596 764 Οὐμίνόικος,
1615 713 1761 762 ἐκεῖνος

232 790 265 826 D
288 779 366 837 ἔφη
386 777 470 822 ὅτις
472 778 512 821 ςὃ
530 780 703 835 Νέρωνα
726 779 963 831 ἀποκτείνας
985 782 1052 823 καὶ
1076 781 1149 835 τὴν
1174 782 1320 824 ἐκείνου
1344 781 1516 835 κομίσας
1537 795 1610 836 μοι
1629 797 1761 838 κεφα-

283 846 372 904 λήν,
409 865 482 902 την
506 848 606 903 ἐμὴν
632 847 941 903 ἀντιλήψεται.υ
1533 871 1536 873 >
1569 903 1571 906 ι
1768 855 1790 890 1

416 936 466 980 Ὁ
491 939 535 980 δὲ
557 938 701 994 Νέρων
725 938 877 992 μαθὼν
899 940 966 980 καὶ
989 938 1059 981 τὸν
1081 937 1329 996 Πετρώνιον,
1363 937 1410 981 ὃν
1442 938 1546 981 κατὰ
1576 941 1656 982 τῶν
1687 939 1760 982 ἐπ-

282 1005 543 1050 αναστάντων
576 1006 680 1060 μετὰ
711 1011 785 1049 τοῦ
814 1008 994 1058 πλείονος
1024 1006 1327 1064 προεπεπόμφει
1351 1001 1674 1063 στρατεύματος,
1707 1005 1761 1050 ’τὰ

282 1079 357 1117 τοῦ
378 1073 525 1127 Γάλβα
549 1073 834 1132 φρονήσαντα,
859 1075 991 1118 οὐκέτ’
1015 1075 1206 1129 οὐδεμίαν
1223 1077 1366 1118 ἐλπίδα
1385 1079 1465 1119 τῶν
1483 1073 1760 1131 ὅπλωνζὲσχεν,

283 1143 379 1186 ἀλλ’
417 1142 685 1196 ἐβουλεύσατο
718 1142 813 1193 τούς
846 1161 888 1187 τε
918 1145 1141 1198 βουλευτὰς
1175 1144 1405 1187 ἀποκτεῖναι
1438 1145 1505 1198 καὶ
1539 1143 1614 1199 τὴν
1645 1142 1762 1186 πόλιν

284 1216 544 1268 καταπρῆσαι
566 1213 633 1253 καὶ
658 1215 828 1255 πλεῦσαι
853 1215 909 1262 εἷς
935 1211 1251 1268 Ἀλεξάνδρειαν,
1284 1210 1464 1255 ὑπειπὼν
1494 1210 1555 1254 ὅτι
1581 1209 1793 1265 “ἆ“ν,καὶ1

283 1285 357 1335 τῆς
379 1281 508 1337 ἀρχῆς
530 1280 770 1334 ἐκπέσωμεν,
809 1280 915 1322 ἀλλὰ
938 1280 984 1323 τό
1007 1298 1049 1336 γε
1074 1282 1228 1335 τέχνιον
1249 1279 1359 1335 ἡμᾶς
1381 1283 1467 1324 ἐκεῖ
1492 1280 1760 1338 διαθρέψει.”

285 1349 502 1403 μέλλοντος
526 1349 569 1391 δὲ
591 1353 721 1391 ταῦτα
745 1347 939 1404 πράσσειν
958 1347 984 1403 ἡ
1002 1349 1133 1403 βουλὴ
1153 1349 1224 1404 τὴν
1242 1351 1331 1405 περὶ
1351 1348 1421 1392 τὸν
1438 1349 1610 1406 Νέρωνα
1632 1365 1765 1406 φρου-

287 1417 363 1473 ρὰν
386 1417 676 1460 ἀποκαλέσασα
700 1419 887 1471 εἰσῆλθεν
912 1419 967 1467 εἷς
989 1417 1034 1460 τὸ
1059 1416 1346 1473 στρατόπεδον,
1368 1419 1435 1460 καὶ
1458 1417 1528 1460 τὸν
1548 1418 1623 1472 μὲν
1644 1418 1766 1460 πολέ-

285 1502 380 1540 μιον
402 1485 605 1542 ἀπέφηνε,
639 1485 710 1528 τὸν
744 1486 788 1528 δὲ
815 1484 983 1539 Γάλβαν
1015 1485 1223 1528 ἀνθείλετο
1255 1483 1551 1543 αὐτοκράτορα.
1618 1486 1764 1542 Νέρων

117 1563 262 1601 Ρ1571
288 1554 332 1597 δὲ
354 1551 410 1605 ὥς
431 1553 583 1611 ᾔσθετο
608 1552 670 1597 ὅτι
692 1551 771 1596 ὑπὸ
795 1558 876 1597 τῶν
900 1551 1093 1612 φυλάκων
1123 1555 1497 1610 ἐγκαταλέλειπται,
1531 1552 1690 1609 ἐσθῆτά
1720 1559 1796 1598 τε2

382 1706 403 1740 l
427 1703 555 1750 λαβεῖν
579 1703 622 1737 C.
794 1705 817 1739 2
840 1704 915 1739 τῶν
936 1702 1019 1750 μετ’
1044 1700 1162 1739 αὐτοῦ
1193 1724 1238 1730 -
1267 1706 1291 1742 6
1313 1700 1494 1750 ἐχρήσατο
1517 1716 1573 1741 om
1595 1705 1666 1740 Dio
1689 1717 1765 1742 exc.

379 1751 402 1785 5
423 1749 614 1804 καθελεῖν]
639 1745 844 1784 καταλῦσαι
867 1751 911 1787 Α.
1041 1750 1065 1785 8
1086 1752 1154 1785 τοῦ
1177 1747 1364 1791 ου’ΐνὸικος
1385 1751 1574 1794 κομίσοντι
1597 1747 1698 1795 αὐτῷ
1722 1751 1767 1788 Α.

380 1797 426 1831 10
451 1801 532 1841 post
554 1790 797 1850 ἀντιλήψεται
821 1796 898 1830 PW
923 1797 993 1831 add
1007 1795 1194 1851 κεφαλήν,
1230 1809 1284 1832 om
1308 1797 1369 1832 AB
1383 1797 1594 1852 xiphilinus
1619 1802 1655 1832 et
1676 1798 1765 1834 Exc.

380 1841 709 1877 Vatic.98.11
731 1837 774 1875 O
798 1837 840 1874 δὲ
864 1862 912 1868 —
936 1843 980 1878 13
1004 1838 1129 1877 ὅπλων
1154 1824 1254 1887 ἔσχεν
1278 1855 1333 1878 σπι
1346 1843 1416 1877 Dio
1436 1855 1512 1880 exc.
1620 1844 1665 1879 13
1681 1840 1766 1887 γάλ-

383 1888 453 1934 βου
476 1887 550 1921 ΑΒ.
736 1886 780 1921 16
804 1883 884 1921 ἐκεῖ
912 1886 1116 1944 ὃιαθρέψει
1150 1890 1211 1923 ΑΒ
1237 1889 1307 1935 Xip
1310 1888 1435 1924 hilinus
1458 1893 1495 1923 et
1517 1890 1607 1924 Exc.
1635 1888 1750 1923 Vatic.
1741 1913 1767 1934 .,

380 1930 585 1977 ὃιαθρεψει
612 1927 694 1967 ε’κεῖ
711 1932 801 1967 PW.
988 1933 1031 1969 17
1055 1932 1252 1977 μέλλοντος
1280 1955 1326 1960 -
1359 1935 1404 1971 19
1426 1931 1687 1990 αὐτοκράτορα
1711 1945 1766 1969 om

381 1979 448 2014 Dio
473 1990 552 2014 exc.
691 1978 736 2014 17
759 1975 950 2025 πράσσειν]
976 1977 1126 2025 δράσειν
1146 1981 1191 2017 A.
1329 1982 1376 2017 20
1395 1981 1470 2016 τῶν
1492 1993 1546 2016 om
1567 1981 1615 2018 A.

287 2115 319 2149 is
342 2113 577 2160 principatum
599 2113 740 2159 quidem
763 2114 938 2160 suscepit,
972 2114 1036 2149 sed
1069 2113 1210 2160 imperii
1241 2119 1467 2160 cognomenta
1494 2119 1566 2151 tum
1590 2126 1770 2152 assumere

288 2161 414 2195 noluit.
462 2171 539 2194 cum
564 2169 679 2195 autem
702 2161 854 2195 defectio
879 2161 972 2194 lente
995 2163 1224 2206 procederet,
1256 2162 1395 2197 Vindex
1425 2173 1513 2208 prae
1542 2161 1662 2196 dolore
1684 2173 1768 2207 pro-

289 2213 369 2252 pter
393 2206 537 2241 militum
561 2217 701 2240 suorum
725 2207 916 2251 periculum
939 2207 1008 2240 sibi
1032 2207 1109 2252 ipse
1138 2219 1259 2242 manus
1291 2209 1435 2253 attulit,
1468 2208 1631 2243 fortunae
1654 2207 1768 2242 iratus

290 2252 384 2298 quod
407 2257 479 2286 tam
503 2253 719 2306 praeclarum
743 2252 878 2286 facinus
902 2253 1085 2287 occidendi
1109 2253 1260 2287 Neronis
1292 2258 1328 2288 et
1356 2254 1478 2300 populi
1501 2253 1649 2288 Romani
1679 2253 1769 2288 libe-

289 2299 391 2333 randi
417 2298 460 2332 ad
485 2297 615 2332 exitum
639 2298 830 2343 perducere
855 2310 923 2332 non
948 2298 1134 2344 potuisset.
1181 2299 1275 2344 quod
1309 2305 1411 2334 tanta
1441 2299 1627 2335 alacritate
1657 2300 1700 2334 ab
1725 2311 1767 2334 eo

291 2349 489 2398 susce-ptum
511 2343 593 2387 fuit,
620 2349 659 2377 ut
683 2355 757 2378 cum
777 2345 875 2378 Nero
899 2344 954 2378 bis
978 2345 1087 2379 milies
1112 2349 1148 2379 et
1170 2345 1388 2400 quingenties
1413 2346 1506 2380 mille
1529 2345 1710 2380 drachmas
1733 2345 1768 2379 ei

288 2390 511 2445 promitteret
534 2389 595 2434 qui
620 2390 689 2424 sibi
714 2390 871 2424 Vindicis
893 2395 1000 2435 caput
1023 2391 1222 2434 attulisset,
1257 2391 1386 2426 dixerit
1406 2403 1446 2426 se
1474 2391 1508 2425 ei
1531 2392 1591 2437 qui
1614 2391 1768 2426 Neronis

289 2435 471 2471 interfecti
494 2435 564 2471 sibi
586 2440 694 2482 caput
717 2437 893 2471 attulisset
916 2447 1014 2471 suum
1037 2443 1143 2483 caput
1164 2437 1318 2472 vicissim
1342 2438 1504 2485 daturum
1524 2448 1613 2471 esse.

428 2504 528 2537 Nero
553 2514 639 2538 vero
664 2514 741 2537 cum
766 2504 966 2538 Petronium
990 2515 1149 2549 quoque,
1179 2508 1321 2539 contra
1318 2505 1520 2540 seditiosos
1544 2516 1621 2539 cum
1643 2505 1767 2539 maiori

288 2553 392 2594 parte
416 2549 594 2604 copiarum
616 2550 853 2594 praemissum,
877 2550 921 2584 ad
939 2550 1087 2584 Galbam
1111 2551 1282 2584 defecisse
1306 2551 1546 2596 cognovisset,
1565 2562 1630 2596 ape
1652 2562 1768 2585 armo-

289 2606 364 2629 rum
389 2595 549 2640 abiecta,
583 2596 621 2629 in
652 2596 765 2629 animo
799 2596 942 2639 habuit,
974 2601 1097 2630 senatu
1121 2596 1236 2630 occiso
1261 2600 1298 2630 et
1321 2598 1408 2632 urbe
1431 2597 1573 2632 incensa
1595 2597 1767 2642 navigare

288 2641 551 2697 Alexandriam,
588 2645 696 2687 atque
729 2642 860 2676 adiecit
891 2638 911 2652 ³
918 2642 986 2676 etsi
1008 2642 1154 2686 imperio
1177 2642 1430 2687 excidefimus,
1460 2648 1574 2678 temen
1605 2643 1678 2677 illic
1708 2654 1766 2677 ars

290 2697 356 2720 nos
377 2684 484 2721 aletss’
531 2698 621 2731 quae
646 2688 725 2722 dum
750 2689 919 2732 agitaret,
942 2693 1086 2723 senatus
1110 2687 1184 2722 eius
1207 2689 1384 2734 praesidio
1407 2694 1558 2724 avocato
1578 2688 1766 2723 stationem

290 2731 468 2766 militum
458 2744 636 2776 ingressus
658 2734 834 2768 Neronem
869 2735 1000 2769 hostem
1033 2734 1206 2768 iudicavit
1228 2740 1264 2768 et
1286 2735 1435 2769 Galbam
1460 2735 1534 2769 eius
1556 2733 1634 2768 loco
1658 2735 1769 2779 impe-

290 2781 443 2812 ratorem
467 2779 611 2815 creavit.
657 2780 755 2816 Nero
778 2780 839 2816 ubi
865 2791 904 2816 se
934 2791 956 2816 a
987 2779 1200 2816 satellitibus
1224 2780 1430 2816 destitutum
1453 2792 1531 2816 esse
1553 2780 1664 2826 vidit,
1697 2780 1764 2815 vili
