1794 3120
258 127 260 130 ·
277 115 341 160 34
479 145 483 149 Δ
745 116 970 159 'IOANNIS
993 115 1248 159 ZONARAE

254 228 509 280 ἐξαπιναίως
541 226 632 279 μετ’
671 227 802 270 αὐτῶν
838 231 891 279 εἷς
913 229 958 270 τὸ
983 230 1187 285 συνέδριον
1208 227 1498 283 παραγέγονεν,
1533 223 1725 280 ἑπομένης

280 296 389 352 αὐτῷ
413 296 486 336 ’καὶ
515 299 587 348 τῆς
619 296 801 349 γυναικὸς
832 298 1047 346 Τουλλίας·
1080 298 1147 337 καὶ
1180 295 1309 337 πολλὰ
1338 294 1411 347 μὲν
1445 291 1524 336 εἶπε
1551 297 1624 347 τῆς
1653 297 1726 335 τοῦ

281 362 432 420 πατρὸς
454 362 566 412 ἀξίας
587 363 680 412 τοὺς
702 362 904 419 παρόντας
926 362 1261 417 ἀναμιμνήσκων,
1288 360 1416 404 πολλοὶ
1441 361 1485 403 δ’
1511 360 1724 414 ἀπέσκωψε

281 431 381 487 πρὸς
401 429 470 472 τὸν
490 427 698 472 Τούλλιον.
765 433 847 472 ἐπεὶ
871 432 910 474 δ’
932 433 1074 480 ἐκεῖνος
1092 435 1217 473 ταῦτα
1233 430 1383 484 μαθὼν
1399 428 1725 483 ἓπέστησπουδῇ,

91 507 134 539 W
160 506 193 540 11
219 505 261 540 15
283 499 353 540 καί
371 515 409 540 τι
433 497 482 551 δὴ
505 499 571 539 καὶ
594 498 831 554 ἐφθέγξατο,
856 498 1106 555 συνήρπασεν
1129 498 1250 540 αὐτὸν
1273 499 1337 539 καὶ
1359 494 1506 552 ἐξάρας
1524 489 1603 538 ὦσε
1624 495 1757 537 κατὰξ)

232 573 261 606 Β
285 570 363 608 τῶν
397 565 474 622 πρὸ
511 569 580 606 τοῦ
611 569 895 622 βουλευτηρίου
916 567 1178 619 ἀναβαθμῶν.
1245 563 1355 607 καὶὸ
1381 564 1475 618 μέν,
1508 563 1727 619 ταραχθεὶς

281 633 383 688 πρὸς
412 632 485 687 τὴν
515 637 586 674 τοῦ
621 635 845 689 Ταρκυνίου
877 632 1028 687 τόλμαν
1057 635 1122 675 καὶ
1155 632 1215 675 ὅτι
1239 632 1334 675 οὗὸέ
1353 648 1413 680 τις
1435 631 1542 687 αὐτῷ
1565 627 1726 672 ἐπεκού-

283 717 401 758 ρησεν
413 732 426 752 ,
469 699 562 742 οὔτ’
591 699 693 742 εἶπεν
726 700 782 743 ἔτι
804 700 918 743 οὐδὲν
942 700 1032 743 οἵτ’
1063 702 1240 754 ἐποίησε·
1277 697 1502 755 Ταρκύνιος
1524 697 1568 739 δὲ
1591 695 1663 751 τήν
1684 714 1725 739 τε

279 768 486 821 βασιλείαν
520 768 644 817 εὐθὺς
675 768 785 824 παρὰ
817 773 887 822 τῆς
907 773 1058 822 βουλῆς
1079 768 1218 820 ἔλαβε,
1253 769 1318 809 καὶ
1342 767 1507 819 πέμψας
1527 764 1638 814 τινὰς
1658 765 1726 806 τὸν
1792 783 1794 785 ·

284 833 480 877 Τούλλιον
502 834 755 888 κομιζόμενον
778 835 910 877 οἴκαδε
942 835 1191 891 διεχρήσατο.
1258 834 1283 889 ἦ
1309 835 1353 876 δὲ
1375 832 1559 889 θυγάτηρ
1582 833 1725 875 ἐκείνου
1737 840 1780 874 10

281 903 363 943 τὸν
382 901 512 956 ἄνδρα
546 904 586 942 ἐν
618 907 675 958 τῷ
695 903 964 958 βουλευτηρίῳ
988 901 1297 957 καταφιλήσασα
1319 903 1384 944 καὶ
1406 901 1576 954 βασιλέα
1601 916 1727 956 προσ-

283 967 535 1024 αγορεύσασα
568 970 635 1009 καὶ
670 969 843 1010 ἀπιοῦσα
874 968 974 1024 πρὸς
1005 969 1054 1010 τὰ
1083 971 1268 1021 βασίλεια
1297 969 1342 1012 τὸ
1374 967 1507 1023 ὄχημα
1529 969 1631 1010 κατὰ
1655 971 1726 1009 τοῦ

281 1040 421 1091 νεκροῦ
442 1039 514 1076 τοῦ
536 1036 686 1090 πατρὸς
710 1034 763 1085 ὥς
786 1035 883 1089 εἶχεν
907 1034 1112 1089 ἐπήλασεν.

419 1101 536 1144 Οὕτω
554 1104 626 1155 μὲν
651 1097 721 1144 οὖν
744 1101 765 1144 ὅ
788 1103 980 1152 Τούλλιος
1000 1100 1092 1159 ἦρξε
1116 1105 1181 1145 καὶ
1204 1102 1330 1152 οὕτως
1351 1102 1526 1144 ἀπέθανε
1538 1099 1727 1154 βασιλεύ-
1782 1147 1783 1151 ¹

232 1177 261 1210 C
284 1187 359 1220 σας
389 1170 586 1226 τέσσαρας
619 1171 820 1220 ἐνιαυτοὺς
850 1172 912 1212 ἐπὶ
935 1170 1243 1226 τεσσαράκοντα,
1279 1170 1368 1226 (10)
1392 1168 1412 1212 ὅ
1439 1166 1662 1225 Ταρκύνιος
1683 1168 1727 1210 δὲ
1737 1174 1780 1208 15

279 1238 351 1292 τὴν
396 1239 601 1291 βασιλείαν
637 1238 892 1294 παρειληφὼς
929 1238 1181 1295 δορυφόρους
1223 1238 1325 1280 κατὰ
1351 1236 1562 1291 “Ρωμύλον
1597 1234 1726 1293 ἑαυτῷ

279 1306 550 1362 περιέστησεν,
584 1308 649 1347 καὶ
682 1304 834 1361 νύκτωρ
868 1308 933 1347 καὶ
966 1307 1068 1358 μεθ’
1102 1305 1254 1362 ἡμέραν
1287 1306 1422 1355 αὐτοῖς
1444 1306 1509 1347 καὶ
1532 1307 1726 1360 οἰκουρῶν

279 1375 346 1415 καὶ
379 1372 579 1429 ἀγοράζων
613 1373 810 1430 ἐκέχρητο.
879 1374 920 1423 ἐξ
952 1368 1007 1415 ὧν
1031 1374 1108 1430 γὰρ
1133 1374 1253 1423 αὐτὸς
1276 1376 1331 1423 εἷς
1351 1373 1420 1415 τὸν
1443 1372 1726 1427 κηδεστὴνκαὶ

278 1439 306 1494 ἦ
339 1441 436 1497 γυνὴ
468 1441 568 1496 πρὸς
596 1442 664 1482 τὸν
699 1443 850 1497 πατέρα
883 1442 1091 1495 ἐποίησαν,
1126 1441 1307 1491 καὶτοὺς
1329 1440 1490 1490 λοιποὺς
1513 1440 1726 1482 ἐδεδίεσαν.

260 1509 363 1549 ’ἐπεὶ
397 1509 441 1549 δὲ
472 1506 525 1558 ὡς
554 1507 807 1565 τυραννήσων
829 1507 1174 1563 παρεσκευάσατο,
1209 1509 1303 1558 τοὺς
1326 1505 1626 1556 δυνατωτάτους
1647 1510 1780 1549 tamo

371 1635 392 1671 7
412 1637 480 1670 τοῦ
506 1647 559 1670 om
583 1637 626 1671 A.
784 1637 807 1671 9
831 1633 936 1680 ἔλαβε
959 1633 1060 1677 παρὰ
1083 1637 1147 1680 τῆς
1171 1635 1303 1681 βουλῆς
1321 1636 1360 1669 Β.
1544 1635 1587 1670 11
1611 1632 1651 1669 ἐν
1673 1634 1725 1678 τῷ

374 1681 618 1727 βουλευτηρίῳ
639 1678 703 1715 τὸν
726 1677 846 1724 ἄνδρα
868 1682 940 1716 AB.
1080 1682 1123 1716 13
1146 1679 1258 1725 ἀπήλ.
1283 1682 1326 1717 Α.
1452 1681 1496 1716 14
1519 1674 1585 1714 οὖν
1604 1692 1657 1714 orn
1681 1681 1723 1715 C.

369 1726 413 1761 17
437 1724 499 1760 καὶ
522 1727 663 1761 tertium
686 1738 738 1760 orn
760 1726 803 1760 A.
894 1728 941 1761 20
964 1721 1042 1759 ἐπεὶ
1064 1724 1106 1760 δὲ
1130 1747 1175 1754 --
1197 1738 1236 1772 p.
1257 1727 1304 1761 35
1327 1737 1362 1760 v,
1386 1726 1429 1759 15
1450 1723 1722 1770 προσεφέροντο

369 1768 483 1805 ἅπασι
504 1772 624 1806 Dionis
650 1777 849 1817 excerptum
870 1772 1125 1807 Peirescianum
1149 1772 1206 1808 23.
1388 1769 1623 1816 τυραννήσων
1647 1771 1722 1814 Ac,

367 1816 593 1860 τυραννίσων
613 1818 703 1853 PW.

413 1906 577 1942 Fomsss.
629 1907 712 1949 cap.
739 1907 793 1939 10.
841 1905 966 1939 Dionis
997 1906 1173 1939 Historiae
1207 1906 1389 1939 Romanae
1421 1905 1503 1939 libro·
1533 1904 1721 1950 deperditi:

367 1956 569 1994 excerptum
599 1951 852 1984 Peirescianum
881 1952 947 1985 23:
987 1955 1237 1995 fragmentum
1266 1950 1346 1984 libri
1377 1950 1519 1985 secunda·
1551 1950 1590 1984 in
1623 1951 1720 1987 Imm.

371 1996 517 2030 Bekkeri
539 1996 725 2030 Anco-dotis
745 2007 782 2040 p.
810 1997 875 2031 155
897 2008 929 2030 υ.
957 1998 989 2029 l.

277 2106 404 2139 curiam
434 2105 646 2149 ingreditur,
679 2107 783 2140 etiam
808 2107 925 2141 Tullia
954 2117 1059 2141 uxore
1081 2107 1286 2148 comitante3
1310 2106 1483 2151 multaque
1505 2106 1638 2141 locutus
1661 2118 1722 2142 eos

277 2150 338 2195 qui
370 2150 511 2183 aderant
538 2153 673 2196 patriae
697 2152 874 2197 dignitatis
898 2151 1164 2195 commonefecit,
1187 2151 1341 2185 Tullium
1364 2156 1478 2186 autem
1501 2152 1616 2186 multis
1642 2164 1723 2197 pro-

275 2195 349 2229 bris
373 2196 502 2229 affecit.
550 2198 610 2242 qui
632 2208 706 2231 cum
727 2209 765 2231 re
790 2198 947 2232 nuntiata
968 2197 1126 2231 celeriter
1148 2196 1343 2231 advenisset
1364 2208 1404 2230 ac
1429 2197 1524 2242 loqui
1539 2198 1722 2243 coepisset,

274 2241 487 2285 Tarquinius
509 2253 623 2276 senem
647 2243 790 2277 medium
815 2244 963 2288 arripit,
985 2243 1180 2286 elatumque
1199 2253 1218 2275 e
1242 2243 1340 2276 curia
1361 2242 1397 2275 in
1419 2242 1618 2277 inferiorem
1643 2254 1723 2288 par-

274 2290 344 2319 tem
367 2297 430 2330 per
453 2287 579 2331 gradus
606 2287 737 2323 deiicit.
781 2288 838 2322 ille
861 2289 904 2322 ad
925 2288 1110 2333 Tarquinii
1131 2288 1331 2331 audaciam,
1363 2299 1474 2333 eoque
1496 2288 1607 2332 magis
1629 2288 1720 2332 quod

267 2331 319 2365 ‘ab
353 2331 508 2365 omnibus
542 2333 729 2366 destitutus
769 2338 882 2379 esset,
925 2336 1159 2368 consternatus
1198 2333 1283 2366 nihil
1312 2333 1455 2377 amplius
1485 2343 1597 2378 neque
1631 2333 1721 2368 dixit

273 2387 387 2420 neque
409 2377 512 2418 fecit3
547 2378 757 2423 Tarquinius
780 2391 866 2413 vero
890 2379 1007 2414 statim
1027 2389 1168 2423 regnum
1192 2389 1212 2411 a
1234 2378 1392 2423 patribus
1415 2379 1568 2423 accepit,
1602 2383 1639 2413 et
1657 2389 1721 2424 per

274 2421 438 2466 quosdam
461 2422 613 2457 Tullium
634 2424 764 2458 domum
788 2437 825 2458 se
846 2425 1068 2470 recipientem
1091 2423 1242 2458 sustulit.
1289 2423 1386 2457 cuius
1408 2424 1480 2458 filia
1506 2424 1661 2458 maritum
1683 2423 1719 2457 in

274 2466 369 2500 curia
391 2467 588 2502 deosculata
610 2481 724 2514 regem
747 2471 930 2514 salutavit,
955 2476 1056 2516 atque
1082 2469 1117 2503 in
1139 2469 1269 2513 regiam
1292 2468 1412 2504 abiens
1433 2481 1497 2515 per
1519 2469 1629 2516 patris
1644 2480 1719 2503 cor-

271 2522 337 2555 pus
364 2518 561 2558 carpentum
587 2515 701 2558 egisse
722 2516 845 2549 fertur.

407 2557 466 2591 Sic
483 2558 615 2593 Tullius
639 2570 710 2594 rem
722 2561 892 2604 publicam
904 2559 1164 2600 administravit,
1188 2558 1239 2593 sic
1255 2559 1362 2593 vitam
1384 2559 1488 2603 finiit,
1503 2570 1587 2594 cum
1609 2569 1716 2593 annos

267 2600 315 2635 44
337 2609 536 2646 regnasset:
568 2607 645 2648 (10)
670 2606 879 2650 Tarquinius
906 2618 988 2640 vero
1014 2615 1120 2650 regno
1145 2608 1305 2649 suscepto
1328 2604 1467 2639 Romuli
1488 2616 1579 2639 moe
1602 2614 1715 2638 arma-

266 2645 314 2679 tis
346 2658 468 2691 corpus
491 2649 747 2694 circumsepsit,
781 2653 904 2695 quibus
927 2655 963 2685 et
988 2656 1091 2685 noctu
1115 2654 1150 2683 et
1172 2650 1322 2696 interdiu
1346 2650 1438 2685 domi
1462 2654 1498 2684 et
1519 2650 1605 2683 foris
1630 2660 1714 2684 usus

265 2694 332 2745 qst.
378 2704 455 2727 nam
478 2696 569 2738 quod
592 2695 668 2740 ipse
691 2708 773 2741 erga
795 2708 967 2740 socerum,
999 2707 1085 2730 uxor
1114 2706 1197 2740 erga
1219 2700 1351 2740 patrem
1374 2696 1426 2730 ita
1449 2707 1488 2730 se
1507 2693 1712 2740 gessissent,

263 2737 379 2772 timuit
407 2750 450 2773 ne
481 2750 500 2773 a
524 2751 562 2775 se
592 2741 666 2786 ipso
699 2742 864 2778 adversus
894 2754 932 2777 se
957 2742 1143 2787 exemplum
1169 2745 1364 2786 caperetur.
1411 2741 1477 2776 iam
1504 2739 1585 2786 quia
1615 2745 1709 2776 metu
