1820 3120
302 112 400 158 224
768 114 998 180 .19ANN15
1027 117 1285 161 zommE

298 226 343 268 τὸ
366 227 547 281 πρᾶγμα.
614 226 696 270 ἐπεὶ
727 227 806 284 γὰρ
837 235 921 279 τοῖς
949 230 990 271 ἐν
1020 234 1071 286 τῇ
1095 230 1254 289 Σαλπία
1285 229 1343 271 δι’
1377 230 1604 286 αὐτομόλου
1627 234 1753 288 δῆθεν

297 289 346 348 ἦν
369 293 613 346 ἐπιστείλας,
657 293 712 346 ὥς
734 294 755 338 ὃ
778 295 1024 354 Μάρκελλος
1047 297 1188 347 νυκτὸς
1209 295 1376 354 προσῄει
1398 305 1482 349 τοῖς
1501 300 1668 355 τείχεσι,
1701 304 1753 356 τῇ

296 378 337 403 τε
354 365 434 404 τῶν
449 362 643 405 Λατίνων
666 365 904 420 κεχρημένος
926 370 1042 422 φωνῇ
1065 365 1137 408 σὺν
1161 365 1298 415 ἄλλοις
1320 367 1592 420 ἐπισταμένοις
1613 366 1753 423 αὐτήν,

294 432 363 471 ἵνα
380 429 568 484 Ῥωμαῖοι
595 430 764 483 δόξωσιν
790 431 902 475 εἶναι.
970 431 1176 488 μαθόντες
1210 434 1254 475 δὲ
1286 433 1323 476 οἱ
1345 435 1551 489 Σαλπηνοὶ
1570 435 1644 490 τὴν
1665 438 1752 479 ἔπι-

297 498 476 553 τέχνησιν
515 499 639 543 αὐτοῦ
680 500 1010 556 ἀντετεχνήσαντο
1046 500 1241 544 πιστεύειν
1277 501 1400 552 ὄντως
1439 503 1643 558 προσιέναι
1681 504 1785 546 τὸνὸ

245 571 274 605 Β
296 565 556 624 ΙΠάρκελλον,
591 570 657 610 καὶ
689 568 990 619 ἀνασπάσαντες
1011 570 1080 611 τὸν
1103 569 1383 627 καταρράκτην
1406 569 1613 627 εἰσήγαγον
1635 569 1755 621 ὅσους

296 635 433 685 αὐτοῖς
456 635 587 686 ἔδοξεν
611 637 770 687 ἱκανοὺς
793 635 891 679 εἶναι
916 641 1241 693 κατεργασθῆναι
1264 639 1363 694 παρ’
1391 639 1536 690 αὐτῶν,
1563 640 1630 681 καὶ
1653 638 1755 681 πάν-

296 721 367 754 τας
407 705 651 746 ἀπέκτειναν.
721 703 742 747 ὃ
780 706 823 746 δὲ
856 705 1039 758 Ἀννίβας
1074 706 1225 762 ἀπῆρεν
1261 707 1426 758 αὐτίκα,
1472 705 1622 761 μαθὼν
1661 707 1756 757 τοὺς

296 772 492 828 Λοκροὺς
521 773 883 829 πολιορκουμένους
915 773 1027 831 παρὰ
1057 772 1265 829 Ῥωμαίων
1299 776 1341 817 ἐκ
1363 776 1548 826 Σικελίας
1569 776 1754 818 ἐπιπλευ-

297 838 465 883 σάντων.
481 839 484 842 ’
1741 896 1744 897 ⁷
1764 849 1810 885 lo

432 908 516 949 Καὶ
539 906 749 957 Πούπλιος
772 909 815 950 δὲ
838 911 1075 959 Σουλπίκιος
1095 909 1196 963 μετὰ
1218 912 1417 952 Αἰτωλῶν
1440 911 1506 952 καὶ
1531 909 1755 966 συμμάχων

297 974 441 1032 ἑτέρων
464 976 594 1016 πολλὰ
617 981 688 1030 τῆς
705 976 867 1030 Ἀχαΐας
888 975 1103 1032 ἐπόρθησε.
1171 982 1244 1019 τοῦ
1266 977 1310 1019 δὲ
1332 978 1533 1020 Φιλίππου
1555 980 1627 1021 τοῦ
1650 981 1755 1022 Μα-

296 1042 456 1093 κεδόνος
478 1049 561 1094 τοῖς
593 1043 767 1097 Ἀχαιοῖς
789 1045 1129 1100 συμμαχήσαντος
1151 1049 1352 1095 παντελῶς
1385 1045 1435 1088 ἂν
1466 1050 1538 1100 τῆς
1561 1044 1757 1096 Ἑλλάδος

295 1111 553 1166 ἐξηλάθησαν
579 1113 615 1154 οἳ
633 1111 844 1166 Ῥωμαῖοι,
872 1117 905 1155 εἰ
926 1113 982 1168 μὴ
1007 1119 1078 1156 τοῦ
1101 1112 1272 1170 κράνους
1293 1118 1365 1156 τοῦ
1391 1115 1595 1158 Φιλίππου
1616 1131 1755 1171 περιρ-

297 1181 456 1236 ρυέντος
478 1180 516 1221 οἳ
538 1183 718 1223 Αἰτωλοὶ
750 1186 866 1224 τοῦτο
899 1182 1026 1236 ἴσχον,
1062 1183 1128 1224 καὶ
1153 1181 1292 1239 φήμης
1314 1185 1368 1232 εἲς
1390 1182 1484 1232 τούς
1505 1182 1754 1234 Μακεδόνας
1764 1190 1808 1225 15

245 1260 274 1294 c
297 1249 505 1304 γενομένης
528 1247 582 1299 ὥς
604 1251 791 1303 τέθνηκε,
828 1249 969 1300 στάσις
1001 1267 1042 1292 τε
1074 1251 1228 1306 γε’γονεν
1259 1252 1360 1302 ἐκεῖ,
1395 1252 1462 1293 καὶ
1482 1249 1672 1308 ἐφοβήθη
1695 1251 1753 1306 μὴ

295 1322 367 1371 τῆς
396 1319 603 1370 βασιλείας
635 1322 835 1374 στερηθῇ,
871 1320 936 1359 καὶ
960 1319 1061 1374 πρὸς
1082 1321 1344 1360 Μακεδονίαν
1364 1319 1552 1374 ἠπείχθη.
1621 1321 1754 1362 ἐντεῦ-

296 1389 371 1426 θεν
407 1385 444 1426 οἳ
474 1383 663 1439 Ῥωμαῖοι
697 1390 748 1442 τῇ
780 1384 944 1428 Ἑλλάδι
980 1387 1242 1443 προσέμειναν
1276 1388 1348 1428 καί
1377 1403 1494 1430 τινων
1531 1385 1753 1444 ἐκράτησαν

294 1451 460 1495 πόλεων.
1413 1484 1416 1486 -
1505 1498 1507 1501 .

431 1524 504 1577 Τῷ
528 1520 571 1561 δ’
598 1518 745 1563 ἐπιόντι
768 1520 843 1563 ἔτει
867 1519 921 1571 ὥς
946 1519 1234 1578 ὃἈσδρούβας
1254 1522 1462 1578 ἠγγέλλετο
1487 1520 1678 1578 προσιών,
1713 1522 1808 1564 οἱῖθ

296 1591 337 1631 ἓν
359 1593 409 1645 τῇ
425 1587 559 1644 Ῥώμῃ
583 1588 654 1638 τὰς
678 1587 866 1644 δυνάμεις
888 1606 930 1631 τε
952 1589 1143 1646 ἤθροιζον
1165 1592 1232 1632 καὶ
1255 1590 1349 1640 τοὺς
1373 1588 1612 1646 συμμάχους
1637 1595 1752 1648 σφῶν

295 1658 603 1711 μετεπέμποντο,
648 1655 826 1707 ὑπάτους
862 1657 1067 1700 Κλαύδιόν
1098 1676 1141 1701 τε
1173 1659 1344 1715 Νέρωνα
1375 1661 1443 1700 καὶ
1473 1658 1648 1701 Λιούϊον
1682 1659 1752 1701 τὸν

296 1723 475 1782 Μάρκον
509 1723 700 1778 ἑλόμενοι.
768 1727 834 1786 {cai
858 1727 1030 1783 Νέρωνα
1058 1728 1130 1780 μὲν
1161 1728 1223 1768 ἐπὶ
1254 1726 1324 1769 τὸν
1349 1727 1544 1780 Ἀννιβαν,
1578 1725 1752 1769 Λιοῦΐον

388 1866 407 1897 1
434 1859 474 1898 ἐν
498 1876 550 1898 om
574 1863 619 1899 C.
710 1863 734 1897 4
755 1862 927 1897 σαλπινοὶ
946 1864 988 1898 Β.
1086 1863 1107 1900 7
1131 1860 1282 1904 ΐκανούς
1303 1860 1430 1906 ἔδοξεν
1450 1864 1495 1900 Α.
1519 1888 1522 1890 -
1587 1864 1611 1900 9
1632 1861 1751 1909 πικροὶ]

385 1906 459 1943 ὑπὸ
482 1909 522 1944 Α.
635 1905 872 1943 πλευσάντων
892 1910 933 1945 C.
1049 1911 1093 1945 11
1115 1907 1273 1950 πόπλιος
1293 1910 1400 1947 ABC.
1514 1909 1562 1944 20
1585 1907 1605 1945 ὁ
1629 1921 1684 1944 om
1705 1910 1749 1945 B.

295 2044 370 2067 cum
401 2032 594 2077 Salapianis
626 2044 691 2077 per
723 2034 937 2076 transfugam
969 2032 1189 2078 scripsisset,
1223 2037 1329 2068 noctu
1362 2034 1408 2068 ad
1437 2034 1572 2068 moenia
1603 2031 1751 2068 accessit

293 2080 391 2114 velut
413 2079 617 2122 Marcellus,
653 2084 689 2112 et
710 2077 865 2112 Romana
887 2078 1004 2123 lingua
1026 2089 1095 2113 una
1118 2089 1191 2113 cum
1215 2079 1292 2114 aliis
1315 2090 1390 2114 eum
1412 2079 1602 2114 scientibus
1634 2084 1749 2123 utens,

292 2130 333 2158 ut
355 2136 418 2169 pro
443 2124 609 2158 Romanis
632 2123 854 2160 haberentur.
901 2124 1083 2169 Salapiani
1115 2136 1198 2159 vero
1229 2125 1303 2159 eius
1333 2125 1480 2159 artificio
1513 2125 1650 2170 cognito
1682 2125 1749 2159 hac

292 2176 369 2204 arte
393 2170 544 2204 vicissim
569 2170 623 2203 usi
645 2176 745 2212 sunt,
780 2174 819 2204 ut
842 2181 880 2203 se
903 2170 1102 2205 Marcellum
1124 2171 1247 2205 adesse
1270 2171 1412 2205 credere
1434 2171 1652 2214 simularent,
1678 2171 1752 2205 cla-

292 2216 454 2260 thrisque
477 2216 636 2250 attractis
659 2221 715 2250 tot
738 2216 774 2249 in
798 2217 917 2255 urbem
941 2216 1151 2250 admiserunt
1174 2222 1260 2261 quot
1279 2216 1460 2251 vincendis
1482 2228 1522 2251 se
1544 2227 1647 2261 pares
1670 2227 1750 2250 esse

292 2263 476 2304 rebantur,
512 2273 641 2306 eosque
673 2273 790 2296 omnes
813 2263 1025 2296 occiderunt.
1069 2263 1244 2298 Hannibal
1272 2274 1356 2297 vero
1379 2274 1455 2297 cum
1478 2262 1610 2296 Locros
1632 2273 1655 2297 a
1675 2261 1750 2296 Ro-

295 2308 403 2342 manis
427 2318 471 2341 ex
491 2307 613 2341 Sicilia
634 2308 801 2353 profectis
825 2308 975 2342 obsideri
998 2308 1164 2352 audisset,
1186 2309 1303 2344 statim
1325 2308 1484 2343 recessit.

431 2375 472 2410 P.
498 2375 673 2420 Sulpicius
710 2380 820 2410 autem
853 2387 927 2410 cum
949 2375 1081 2410 Aetolis
1114 2381 1151 2410 et
1181 2376 1258 2411 aliis
1289 2377 1394 2411 sociis
1418 2387 1572 2422 magnam
1595 2374 1749 2410 Achaiae

294 2428 426 2466 partem
451 2422 614 2456 vastavit.
661 2422 722 2456 sed
749 2434 822 2456 cum
846 2422 934 2456 Phili
963 2434 1024 2468 pus
1046 2421 1194 2457 Achaeis
1220 2434 1318 2468 opem
1339 2421 1490 2466 tulisset,
1509 2421 1657 2456 Romani
1674 2425 1749 2455 tota

297 2468 448 2502 Graecia
470 2467 560 2513 pulsi
585 2474 721 2510 essent,
752 2469 819 2502 nisi
842 2434 978 2502 Aetolis
1000 2469 1098 2513 galea
1121 2468 1273 2515 Philippi
1294 2468 1418 2514 potitis
1441 2467 1485 2502 de
1508 2467 1581 2502 eius
1602 2466 1748 2501 interitu

295 2525 411 2548 rumor
436 2512 525 2559 apud
548 2512 752 2548 Macedones
782 2526 921 2559 sparsus
953 2519 1045 2548 esset
1075 2519 1221 2558 ortaque
1243 2514 1294 2549 ibi
1315 2513 1453 2550 seditio.
1499 2513 1634 2547 veritus
1656 2511 1748 2546 enim

294 2571 338 2593 ne
371 2571 479 2604 regno
511 2559 711 2606 privaretur
742 2559 778 2594 in
800 2560 1037 2595 Macedoniam
1063 2561 1276 2606 properavit.
1322 2561 1372 2595 ita
1394 2561 1520 2595 factum
1542 2561 1581 2591 ut
1602 2556 1748 2591 Romani

291 2604 330 2638 in
353 2605 502 2640 Graecia
524 2611 787 2652 perseverantes
811 2605 954 2641 urbibus
977 2605 1108 2651 aliquot
1128 2604 1339 2651 potirentur.

428 2674 596 2719 Sequenti
629 2685 718 2708 anno
751 2686 825 2708 cum
859 2674 1088 2709 Hasdrubalis
1119 2676 1291 2709 adventus
1327 2672 1566 2714 nuntiaretur,
1601 2670 1747 2705 Romani

291 2718 446 2762 legiones
477 2722 717 2755 convocabant
751 2726 788 2754 et
820 2721 947 2755 socios.
965 2731 1046 2755 suos
1077 2719 1322 2763 arcessebant,
1358 2718 1504 2754 Claudio
1534 2717 1677 2751 Nerone
1709 2722 1746 2751 et

290 2764 414 2799 Marco
438 2765 540 2800 Livio
563 2766 759 2801 consulibus
783 2767 923 2802 creatis.
949 2778 990 2801 ac
1004 2767 1178 2801 Neronem
1201 2770 1324 2801 contra
1344 2763 1585 2808 Hannibalem,
1607 2762 1744 2797 Livium
